
  
  
  
  
  
  
  
  
  
  
  
  
  
 
  
  <record xsi:schemaLocation="http://www.loc.gov/MARC21/slim http://www.loc.gov/standards/marcxml/schema/MARC21slim.xsd">
      <leader>00000cam a2200409Ii 4500</leader>
      <controlfield tag="FMT">BK</controlfield>
      <controlfield tag="LDR">00000cam a2200409Ii 4500</controlfield>
      <controlfield tag="001">005062000</controlfield>
      <controlfield tag="003">OCoLC</controlfield>
      <controlfield tag="005">20170711160404.0</controlfield>
      <controlfield tag="008">170403t20172017be a     b    000 0 fre d</controlfield>
      <datafield tag="020" ind1=" " ind2=" ">
         <subfield code="a">9782874570896</subfield>
      </datafield>
      <datafield tag="020" ind1=" " ind2=" ">
         <subfield code="a">2874570893</subfield>
      </datafield>
      <datafield tag="035" ind1=" " ind2=" ">
         <subfield code="a">(OCoLC)981571961</subfield>
         <subfield code="z">(OCoLC)981898677</subfield>
      </datafield>
      <datafield tag="040" ind1=" " ind2=" ">
         <subfield code="a">ERASA</subfield>
         <subfield code="b">eng</subfield>
         <subfield code="e">rda</subfield>
         <subfield code="c">ERASA</subfield>
         <subfield code="d">ZYU</subfield>
      </datafield>
      <datafield tag="041" ind1="1" ind2=" ">
         <subfield code="a">egy</subfield>
         <subfield code="a">fre</subfield>
         <subfield code="h">egy</subfield>
      </datafield>
      <datafield tag="050" ind1=" " ind2="4">
         <subfield code="a">PJ1681.W4</subfield>
         <subfield code="b">B37 2017</subfield>
      </datafield>
      <datafield tag="079" ind1=" " ind2=" ">
         <subfield code="a">(OCoLC)981571961</subfield>
      </datafield>
      <datafield tag="082" ind1="0" ind2="4">
         <subfield code="a">932-933</subfield>
      </datafield>
      <datafield tag="100" ind1="1" ind2=" ">
         <subfield code="a">Parys, Laura,</subfield>
         <subfield code="e">author.</subfield>
      </datafield>
      <datafield tag="245" ind1="1" ind2="3">
         <subfield code="a">Le récit du Papyrus Westcar :</subfield>
         <subfield code="b">texte, traduction, interprétation /</subfield>
         <subfield code="c">par Laura Parys.</subfield>
      </datafield>
      <datafield tag="264" ind1=" " ind2="1">
         <subfield code="a">Bruxelles :</subfield>
         <subfield code="b">Editions Safran,</subfield>
         <subfield code="c">[2017]</subfield>
      </datafield>
      <datafield tag="264" ind1=" " ind2="4">
         <subfield code="c">©2017</subfield>
      </datafield>
      <datafield tag="300" ind1=" " ind2=" ">
         <subfield code="a">222 pages :</subfield>
         <subfield code="b">illustrations ;</subfield>
         <subfield code="c">27 cm.</subfield>
      </datafield>
      <datafield tag="336" ind1=" " ind2=" ">
         <subfield code="a">text</subfield>
         <subfield code="b">txt</subfield>
         <subfield code="2">rdacontent</subfield>
      </datafield>
      <datafield tag="337" ind1=" " ind2=" ">
         <subfield code="a">unmediated</subfield>
         <subfield code="b">n</subfield>
         <subfield code="2">rdamedia</subfield>
      </datafield>
      <datafield tag="338" ind1=" " ind2=" ">
         <subfield code="a">volume</subfield>
         <subfield code="b">nc</subfield>
         <subfield code="2">rdacarrier</subfield>
      </datafield>
      <datafield tag="490" ind1="1" ind2=" ">
         <subfield code="a">Textes égyptiens (TEG) ;</subfield>
         <subfield code="v">1</subfield>
      </datafield>
      <datafield tag="546" ind1=" " ind2=" ">
         <subfield code="a">Hieroglyphics, romanized and translated into French, with annotations in French.</subfield>
      </datafield>
      <datafield tag="504" ind1=" " ind2=" ">
         <subfield code="a">Includes bibliographical references.</subfield>
      </datafield>
      <datafield tag="520" ind1="8" ind2=" ">
         <subfield code="a">Le 'Papyrus Westcar' conserve l'un des textes majeurs de la littérature de l'Égypte ancienne. Son récit commence au palais du roi Chéops, où des prodiges de magiciens sont contés ou accomplis devant le roi. Il se poursuit à Sakhébou avec la naissance merveilleuse des trois premiers rois de la Ve dynastie. Alors qu'il est de coutume de considérer le 'Papyrus Westcar' comme une anthologie de contes, cet ouvrage écarte résolument cette approche et argumente en faveur de l'unité que constitue le récit. Il se fonde sur l'hypothèse selon laquelle l'ensemble du récit graviterait autour de la glorification des futurs rois de la Ve dynastie afin d'asseoir leur légitimité au trône. La date de composition du 'Papyrus Westcar' est examinée dans le cadre d'une analyse intertextuelle avec la Prophétie de Néferty. L'ouvrage inclut une transcription hiéroglyphique du texte du 'Papyrus Westcar', qui a été mise à jour sur la base des études les plus récentes. Cette transcription, qui met en évidence la structure grammaticale du texte, est accompagnée d'une traduction personnelle et de commentaires philologiques. L'auteur approfondit l'analyse littéraire du Papyrus Westcar en vue d'en donner son interprétation innovante et dûment argumentée. Un lexique des termes égyptiens et une bibliographie concluent l'ouvrage.</subfield>
      </datafield>
      <datafield tag="630" ind1="0" ind2="0">
         <subfield code="a">Papyrus Westcar.</subfield>
      </datafield>
      <datafield tag="650" ind1=" " ind2="0">
         <subfield code="a">Egyptian language</subfield>
         <subfield code="v">Papyri, Hieroglyphic.</subfield>
      </datafield>
      <datafield tag="830" ind1=" " ind2="0">
         <subfield code="a">Textes égyptiens (TEG) ;</subfield>
         <subfield code="v">1.</subfield>
      </datafield>
      <datafield tag="OWN" ind1=" " ind2=" ">
         <subfield code="a">GENERAL</subfield>
      </datafield>
      <datafield tag="AVA" ind1=" " ind2=" ">
         <subfield code="a">NYU50</subfield>
         <subfield code="b">NISAW</subfield>
         <subfield code="c">Small Collection</subfield>
         <subfield code="d">PJ1681.W4 B37 2017 Non-circulating</subfield>
         <subfield code="e">available</subfield>
         <subfield code="t">Available</subfield>
         <subfield code="f">1</subfield>
         <subfield code="g">0</subfield>
         <subfield code="h">N</subfield>
         <subfield code="i">0</subfield>
         <subfield code="j">SMALL</subfield>
         <subfield code="k">0</subfield>
      </datafield>
      <marc:datafield tag="852" ind1=" " ind2=" ">
         <marc:subfield code="b">Institute for the Study of the Ancient World, </marc:subfield>
         <marc:subfield code="c">Small Collection</marc:subfield>
         <marc:subfield code="e">15 East 84th St., </marc:subfield>
         <marc:subfield code="e">New York, NY  10028</marc:subfield>
      </marc:datafield>
   </record>