
  
  
  
  
  
  
  
  
  
  
  
 
  
  <record xsi:schemaLocation="http://www.loc.gov/MARC21/slim http://www.loc.gov/standards/marcxml/schema/MARC21slim.xsd">
      <leader>00000cam a2200601Ia 4500</leader>
      <controlfield tag="FMT">BK</controlfield>
      <controlfield tag="LDR">00000cam a2200601Ia 4500</controlfield>
      <controlfield tag="001">002628150</controlfield>
      <controlfield tag="003">OCoLC</controlfield>
      <controlfield tag="005">20170717102512.0</controlfield>
      <controlfield tag="008">730315s1963    ncuaf    b    000 0 eng d</controlfield>
      <datafield tag="035" ind1=" " ind2=" ">
         <subfield code="a">(OCoLC)581200</subfield>
         <subfield code="z">(OCoLC)21789994</subfield>
         <subfield code="z">(OCoLC)80477055</subfield>
         <subfield code="z">(OCoLC)213836300</subfield>
         <subfield code="z">(OCoLC)878627716</subfield>
      </datafield>
      <datafield tag="040" ind1=" " ind2=" ">
         <subfield code="a">CWR</subfield>
         <subfield code="b">eng</subfield>
         <subfield code="c">CWR</subfield>
         <subfield code="d">OCL</subfield>
         <subfield code="d">CUY</subfield>
         <subfield code="d">OCLCG</subfield>
         <subfield code="d">DRB</subfield>
         <subfield code="d">CGU</subfield>
         <subfield code="d">IOG</subfield>
         <subfield code="d">CUT</subfield>
         <subfield code="d">GEBAY</subfield>
         <subfield code="d">OCLCQ</subfield>
         <subfield code="d">EMU</subfield>
         <subfield code="d">OCLCQ</subfield>
         <subfield code="d">OCLCO</subfield>
         <subfield code="d">DEBBG</subfield>
         <subfield code="d">OCLCO</subfield>
         <subfield code="d">RPY</subfield>
         <subfield code="d">OCLCF</subfield>
         <subfield code="d">OCLCO</subfield>
         <subfield code="d">ZYU</subfield>
      </datafield>
      <datafield tag="041" ind1="0" ind2=" ">
         <subfield code="a">eng</subfield>
         <subfield code="a">grc</subfield>
      </datafield>
      <datafield tag="043" ind1=" " ind2=" ">
         <subfield code="a">e-it---</subfield>
      </datafield>
      <datafield tag="050" ind1=" " ind2="4">
         <subfield code="a">DG70.S4</subfield>
         <subfield code="b">C3 1963</subfield>
      </datafield>
      <datafield tag="079" ind1=" " ind2=" ">
         <subfield code="a">(OCoLC)581200</subfield>
      </datafield>
      <datafield tag="084" ind1=" " ind2=" ">
         <subfield code="a">FH 19600</subfield>
         <subfield code="2">rvk</subfield>
      </datafield>
      <datafield tag="084" ind1=" " ind2=" ">
         <subfield code="a">ND 4200</subfield>
         <subfield code="2">rvk</subfield>
      </datafield>
      <datafield tag="090" ind1=" " ind2=" ">
         <subfield code="a">DG70.S4</subfield>
         <subfield code="b">C3 1963</subfield>
         <subfield code="i">11/11/82 CT</subfield>
      </datafield>
      <datafield tag="100" ind1="1" ind2=" ">
         <subfield code="a">Calder, William M.</subfield>
         <subfield code="q">(William Musgrave),</subfield>
         <subfield code="d">1932-</subfield>
      </datafield>
      <datafield tag="245" ind1="1" ind2="4">
         <subfield code="a">The inscription from Temple G at Selinus /</subfield>
         <subfield code="c">William M. Calder III.</subfield>
      </datafield>
      <datafield tag="260" ind1=" " ind2=" ">
         <subfield code="a">[Durham, N.C.] :</subfield>
         <subfield code="b">Duke University,</subfield>
         <subfield code="c">1963.</subfield>
      </datafield>
      <datafield tag="300" ind1=" " ind2=" ">
         <subfield code="a">63 pages, [3] pages of plates :</subfield>
         <subfield code="b">illustrations ;</subfield>
         <subfield code="c">23 cm.</subfield>
      </datafield>
      <datafield tag="336" ind1=" " ind2=" ">
         <subfield code="a">text</subfield>
         <subfield code="b">txt</subfield>
         <subfield code="2">rdacontent</subfield>
      </datafield>
      <datafield tag="337" ind1=" " ind2=" ">
         <subfield code="a">unmediated</subfield>
         <subfield code="b">n</subfield>
         <subfield code="2">rdamedia</subfield>
      </datafield>
      <datafield tag="338" ind1=" " ind2=" ">
         <subfield code="a">volume</subfield>
         <subfield code="b">nc</subfield>
         <subfield code="2">rdacarrier</subfield>
      </datafield>
      <datafield tag="490" ind1="1" ind2=" ">
         <subfield code="a">Greek, Roman, and Byzantine monographs ;</subfield>
         <subfield code="v">no. 4</subfield>
      </datafield>
      <datafield tag="504" ind1=" " ind2=" ">
         <subfield code="a">Includes bibliographical references.</subfield>
      </datafield>
      <datafield tag="505" ind1="0" ind2=" ">
         <subfield code="a">1. Introduction -- 2. The Stone. Discovery and site ; Physical description ; Editions ; Bibliography -- 3. The Text. Sources ; The preserved text ; Epigraphical commentary to the preserved text ; A note on Benndorf-Roehl's letters ; The text with maximal restorations ; Critical commentary to the text with maximal restorations -- 4. The Zeus-Song. Meter and style ; Structure ; Exegetical commentary ; Translation -- 5. The Decree. Structure ; Exegetical commentary ; Translation -- 6. The Offering. Physical appearance ; Value -- 7. Dating and historical occasion -- 8. Summary.</subfield>
      </datafield>
      <datafield tag="546" ind1=" " ind2=" ">
         <subfield code="a">English summary.</subfield>
      </datafield>
      <datafield tag="650" ind1=" " ind2="0">
         <subfield code="a">Inscriptions, Greek</subfield>
         <subfield code="z">Italy</subfield>
         <subfield code="z">Selinus (Extinct city)</subfield>
      </datafield>
      <datafield tag="651" ind1=" " ind2="0">
         <subfield code="a">Selinus (Extinct city)</subfield>
      </datafield>
      <datafield tag="651" ind1=" " ind2="0">
         <subfield code="a">Sicily (Italy)</subfield>
         <subfield code="x">Antiquities.</subfield>
      </datafield>
      <datafield tag="651" ind1=" " ind2="7">
         <subfield code="a">Temple G at Selinus.</subfield>
         <subfield code="2">pleiades</subfield>
         <subfield code="0">https://pleiades.stoa.org/places/283133307</subfield>
      </datafield>
      <datafield tag="650" ind1="0" ind2="7">
         <subfield code="a">Inschrift.</subfield>
         <subfield code="2">swd</subfield>
      </datafield>
      <datafield tag="651" ind1=" " ind2="7">
         <subfield code="a">Selinunt</subfield>
         <subfield code="x">Apollontempel.</subfield>
         <subfield code="2">swd</subfield>
      </datafield>
      <datafield tag="650" ind1="0" ind2="7">
         <subfield code="a">Inschrift.</subfield>
         <subfield code="0">(DE-588)4027107-9</subfield>
         <subfield code="2">gnd</subfield>
      </datafield>
      <datafield tag="651" ind1=" " ind2="7">
         <subfield code="a">Apollontempel (Selinunt)</subfield>
         <subfield code="0">(DE-588)4224779-2</subfield>
         <subfield code="2">gnd</subfield>
      </datafield>
      <datafield tag="650" ind1=" " ind2="7">
         <subfield code="a">Inscriptions, Greek.</subfield>
         <subfield code="2">fast</subfield>
         <subfield code="0">(OCoLC)fst00973878</subfield>
      </datafield>
      <datafield tag="651" ind1=" " ind2="7">
         <subfield code="a">Italy</subfield>
         <subfield code="z">Selinus (Extinct city)</subfield>
         <subfield code="2">fast</subfield>
         <subfield code="0">(OCoLC)fst01897039</subfield>
      </datafield>
      <datafield tag="651" ind1=" " ind2="7">
         <subfield code="a">Italy</subfield>
         <subfield code="z">Sicily.</subfield>
         <subfield code="2">fast</subfield>
         <subfield code="0">(OCoLC)fst01204499</subfield>
      </datafield>
      <datafield tag="776" ind1="0" ind2="8">
         <subfield code="i">Online version:</subfield>
         <subfield code="a">Calder, William M. (William Musgrave), 1932-</subfield>
         <subfield code="t">Inscription from Temple G at Selinus.</subfield>
         <subfield code="d">[Durham, N. Car.] Duke University, 1963</subfield>
         <subfield code="w">(OCoLC)555370525</subfield>
      </datafield>
      <datafield tag="830" ind1=" " ind2="0">
         <subfield code="a">Greek, Roman, and Byzantine monographs ;</subfield>
         <subfield code="v">no. 4.</subfield>
      </datafield>
      <datafield tag="856" ind1="4" ind2="1">
         <subfield code="z">On-line version</subfield>
         <subfield code="u">https://web.duke.edu/classics/grbs/FTexts/monogr/Calder.pdf</subfield>
      </datafield>
      <datafield tag="OWN" ind1=" " ind2=" ">
         <subfield code="a">GENERAL</subfield>
      </datafield>
      <datafield tag="950" ind1=" " ind2=" ">
         <subfield code="l">FStack</subfield>
         <subfield code="a">CN362</subfield>
         <subfield code="b">.C15</subfield>
         <subfield code="f">ARCHON</subfield>
         <subfield code="i">11/11/82 C |495:sl\ARCHON main entry\</subfield>
      </datafield>
      <datafield tag="AVA" ind1=" " ind2=" ">
         <subfield code="a">NYU50</subfield>
         <subfield code="b">NIFA</subfield>
         <subfield code="c">Main Collection</subfield>
         <subfield code="d">CN362 .C15 Non-circulating</subfield>
         <subfield code="e">available</subfield>
         <subfield code="t">Available</subfield>
         <subfield code="f">1</subfield>
         <subfield code="g">0</subfield>
         <subfield code="h">N</subfield>
         <subfield code="i">0</subfield>
         <subfield code="j">MAIN</subfield>
         <subfield code="k">0</subfield>
      </datafield>
      <datafield tag="AVA" ind1=" " ind2=" ">
         <subfield code="a">NYU50</subfield>
         <subfield code="b">NISAW</subfield>
         <subfield code="c">Small Collection</subfield>
         <subfield code="d">DG70.S4 C3 1963 Non-circulating</subfield>
         <subfield code="e">available</subfield>
         <subfield code="t">Available</subfield>
         <subfield code="f">1</subfield>
         <subfield code="g">0</subfield>
         <subfield code="h">N</subfield>
         <subfield code="i">0</subfield>
         <subfield code="j">SMALL</subfield>
      </datafield>
      <marc:datafield tag="852" ind1=" " ind2=" ">
         <marc:subfield code="b">Institute for the Study of the Ancient World, </marc:subfield>
         <marc:subfield code="c">Small Collection</marc:subfield>
         <marc:subfield code="e">15 East 84th St., </marc:subfield>
         <marc:subfield code="e">New York, NY  10028</marc:subfield>
      </marc:datafield>
   </record>