
  
  
  
  
  
  
  
  
  
  
  
  
  
 
  
  <record xsi:schemaLocation="http://www.loc.gov/MARC21/slim http://www.loc.gov/standards/marcxml/schema/MARC21slim.xsd">
      <leader>00000cam a2200481Ma 4500</leader>
      <controlfield tag="FMT">BK</controlfield>
      <controlfield tag="LDR">00000cam a2200481Ma 4500</controlfield>
      <controlfield tag="001">003971527</controlfield>
      <controlfield tag="003">OCoLC</controlfield>
      <controlfield tag="005">20170804102219.0</controlfield>
      <controlfield tag="008">140205s2013    fr a   g b    011 0 fre d</controlfield>
      <datafield tag="020" ind1=" " ind2=" ">
         <subfield code="a">9782271079169</subfield>
         <subfield code="q">(pbk.)</subfield>
      </datafield>
      <datafield tag="020" ind1=" " ind2=" ">
         <subfield code="a">2271079160</subfield>
         <subfield code="q">(pbk.)</subfield>
      </datafield>
      <datafield tag="035" ind1=" " ind2=" ">
         <subfield code="a">(OCoLC)870641610</subfield>
         <subfield code="z">(OCoLC)869725105</subfield>
      </datafield>
      <datafield tag="040" ind1=" " ind2=" ">
         <subfield code="a">AUXAM</subfield>
         <subfield code="b">eng</subfield>
         <subfield code="c">AUXAM</subfield>
         <subfield code="d">ERASP</subfield>
         <subfield code="d">C3L</subfield>
         <subfield code="d">JPG</subfield>
         <subfield code="d">OCLCQ</subfield>
         <subfield code="d">GBVCP</subfield>
         <subfield code="d">OCLCQ</subfield>
         <subfield code="d">ZYU</subfield>
      </datafield>
      <datafield tag="043" ind1=" " ind2=" ">
         <subfield code="a">e-gr---</subfield>
      </datafield>
      <datafield tag="050" ind1=" " ind2="4">
         <subfield code="a">D15.C48</subfield>
         <subfield code="b">V69x 2013</subfield>
      </datafield>
      <datafield tag="079" ind1=" " ind2=" ">
         <subfield code="a">(OCoLC)870641610</subfield>
      </datafield>
      <datafield tag="082" ind1="0" ind2="4">
         <subfield code="a">480</subfield>
      </datafield>
      <datafield tag="245" ind1="0" ind2="3">
         <subfield code="a">Le voyage des légendes :</subfield>
         <subfield code="b">hommages à Pierre Chuvin /</subfield>
         <subfield code="c">textes réunis et présentés par Delphine Lauritzen et Michel Tardieu.</subfield>
      </datafield>
      <datafield tag="260" ind1=" " ind2=" ">
         <subfield code="a">Paris :</subfield>
         <subfield code="b">CNRS,</subfield>
         <subfield code="c">©2013.</subfield>
      </datafield>
      <datafield tag="300" ind1=" " ind2=" ">
         <subfield code="a">450 pages :</subfield>
         <subfield code="b">illustrations (chiefly color) ;</subfield>
         <subfield code="c">23 cm.</subfield>
      </datafield>
      <datafield tag="336" ind1=" " ind2=" ">
         <subfield code="a">text</subfield>
         <subfield code="b">txt</subfield>
         <subfield code="2">rdacontent</subfield>
      </datafield>
      <datafield tag="337" ind1=" " ind2=" ">
         <subfield code="a">unmediated</subfield>
         <subfield code="b">n</subfield>
         <subfield code="2">rdamedia</subfield>
      </datafield>
      <datafield tag="338" ind1=" " ind2=" ">
         <subfield code="a">volume</subfield>
         <subfield code="b">nc</subfield>
         <subfield code="2">rdacarrier</subfield>
      </datafield>
      <datafield tag="490" ind1="1" ind2=" ">
         <subfield code="a">CNRS éditions Alpha</subfield>
      </datafield>
      <datafield tag="504" ind1=" " ind2=" ">
         <subfield code="a">Includes bibliographical references and indexes.</subfield>
      </datafield>
      <datafield tag="504" ind1=" " ind2=" ">
         <subfield code="a">"Bibliographie de Pierre Chuvin"-Page 27-40.</subfield>
      </datafield>
      <datafield tag="520" ind1="8" ind2=" ">
         <subfield code="a">Pierre Chuvin est un voyageur des textes et des terres. Curieux, créatif, inépuisable, il continue d'explorer trois horizons, dont chacun suffirait à combler les réalisations d'une carrière. D'un pied sûr, il suit les chemins magnifiques et parfois de traverse de l'Antiquité, de l'Asie centrale et de la Turquie moderne. Des perspectives si variées ne pouvaient trouver leur développement dans l'espace d'un seul ouvrage.0Le présent volume a ainsi pour objet le domaine auquel Pierre Chuvin a consacré ses recherches académiques et son enseignement. universitaire : l'étude des textes de l'Antiquité, de préférence tardive.0Les textes réunis et présentés ici, écrits par des chercheurs de plusieurs pays, offrent un parcours thématique qui suit les grandes orientations des travaux de Pierre Chuvin. Un ouvrage de référence pour une recherche commune dans le domaine des sciences de l'Antiquité et l'étude du mélange des cultures autour de la Méditerranée.</subfield>
      </datafield>
      <datafield tag="505" ind1="0" ind2="0">
         <subfield code="g">Partie I.</subfield>
         <subfield code="t">Mythes en contexte.</subfield>
         <subfield code="t">L'hymne à Asklépios à Apollonia d'Illyrie /</subfield>
         <subfield code="r">Pierre Cabanes --</subfield>
         <subfield code="t">À propos du mausolée de Constantin : la réaction des Pères de l'Église /</subfield>
         <subfield code="r">Danièle Berranger-Auserve --</subfield>
         <subfield code="t">The Life, Work and Death of Hypatia /</subfield>
         <subfield code="r">Alan Cameron --</subfield>
         <subfield code="t">La letteratura agiografica e le Dionisiache di Nonno : note di lettura /</subfield>
         <subfield code="r">Gianfranco Agosti --</subfield>
         <subfield code="t">Quelques poèmes de Luxorius sur les spectacles du cirque et de l'amphithéâtre (353-354, 293, 312-313, 334-335 Riese) /</subfield>
         <subfield code="r">Étienne Wolff --</subfield>
         <subfield code="t">Notes d'onomastique aphroditéenne : Les théonymes païens dans l'anthroponymie (et la toponymie) d'époque chrétienne /</subfield>
         <subfield code="r">Jean-Luc Fournet --</subfield>
         <subfield code="t">Dionysias d'Arabie /</subfield>
         <subfield code="r">Maurice Sartre.</subfield>
         <subfield code="g">Partie II.</subfield>
         <subfield code="t">Autour des légendes, dionysiaques et autres.</subfield>
         <subfield code="t">Les plaisirs de la vie dans l'Égypte gréco-romaine : iconographie d'une mosaïque de Thmouis /</subfield>
         <subfield code="r">Anne-Marie Guimier-Sorbets --</subfield>
         <subfield code="t">Una reminiscenza archilochea in Apollonio Rodio /</subfield>
         <subfield code="r">Enrico Livrea --</subfield>
         <subfield code="t">Per una rilettura del "secondo prologo" dei Lithica orfici /</subfield>
         <subfield code="r">Nicola Zito --</subfield>
         <subfield code="t">Nonn., Dion. XXVI 282 /</subfield>
         <subfield code="r">Claudio De Stefani --</subfield>
         <subfield code="t">Annonces et présages chez Nonnos ou le destin annoncé de Cadmos /</subfield>
         <subfield code="r">Hélène Frangoulis --</subfield>
         <subfield code="t">The Resurrections of Tylus and Lazarus in Nonnus of Panopolis (Dion. XXV, 451-552 and Par. Λ) /</subfield>
         <subfield code="r">Konstantinos Spanoudakis --</subfield>
         <subfield code="t">L'image de Méléagre et Atalante dans l'Antiquité tardive : la mosaïque de Sôran (Apamène) /</subfield>
         <subfield code="r">Janine Balty.</subfield>
         <subfield code="g">Partie III.</subfield>
         <subfield code="t">Étapes en terre du Logos.</subfield>
         <subfield code="t">Qu'Hésiode ni ses Muses ne faisaient de métapoétique /</subfield>
         <subfield code="r">Françoise Frazier --</subfield>
         <subfield code="t">Στέργειν, στοργή : l'architecture du sens /</subfield>
         <subfield code="r">Sophie Minon --</subfield>
         <subfield code="t">Les mots du cou en grec et l'expression des sentiments /</subfield>
         <subfield code="r">Michel Casevitz --</subfield>
         <subfield code="t">La création lexicale dans les Hymnes orphiques : Réflexions sur le nombre et la fonction des hapax /</subfield>
         <subfield code="r">Marie-Christine Fayant --</subfield>
      </datafield>
      <datafield tag="505" ind1="8" ind2="0">
         <subfield code="t">Ancora sulla formularità nell'epica tardogreca: Nonno e il campo fisionomico /</subfield>
         <subfield code="r">Gennaro D'Ippolito --</subfield>
         <subfield code="t">Osservazioni sul poemetto di Cristodoro di Copto /</subfield>
         <subfield code="r">Enrico Magnelli --</subfield>
         <subfield code="t">Paul le Silentiaire lecteur de Jean de Gaza /</subfield>
         <subfield code="r">Delphine Lauritzen.</subfield>
         <subfield code="g">Partie IV.</subfield>
         <subfield code="t">Les sens du voyage.</subfield>
         <subfield code="t">Anthropomorphisme et abstractions divinisées dans la religion romaine /</subfield>
         <subfield code="r">Charles Guittard --</subfield>
         <subfield code="t">Sur l'interprétation du Démiurge chez Plotin /</subfield>
         <subfield code="r">Annick Charles-Saget --</subfield>
         <subfield code="t">Dionysos chez l'empereur Julien /</subfield>
         <subfield code="r">Jean Bouffartigue --</subfield>
         <subfield code="t">De Jamblique à Damascius : la dimension syrienne du platonisme /</subfield>
         <subfield code="r">Polymnia Athanassiadi --</subfield>
         <subfield code="t">Cave Amorem : letture allegoriche e morali del mito di Ero e Leandro /</subfield>
         <subfield code="r">Domenico Accorinti --</subfield>
         <subfield code="t">La conversion du dernier païen /</subfield>
         <subfield code="r">Michel Tardieu.</subfield>
      </datafield>
      <datafield tag="600" ind1="1" ind2="0">
         <subfield code="a">Chuvin, Pierre.</subfield>
      </datafield>
      <datafield tag="650" ind1=" " ind2="0">
         <subfield code="a">Civilization, Classical.</subfield>
      </datafield>
      <datafield tag="600" ind1="1" ind2="7">
         <subfield code="a">Chuvin, Pierre,</subfield>
         <subfield code="d">1943-</subfield>
         <subfield code="2">gnd</subfield>
         <subfield code="0">(DE-601)584064675</subfield>
      </datafield>
      <datafield tag="650" ind1=" " ind2="7">
         <subfield code="a">Griechisch.</subfield>
         <subfield code="2">gnd</subfield>
         <subfield code="0">(DE-601)105826847</subfield>
      </datafield>
      <datafield tag="650" ind1=" " ind2="7">
         <subfield code="a">Literatur.</subfield>
         <subfield code="2">gnd</subfield>
         <subfield code="0">(DE-601)106245015</subfield>
      </datafield>
      <datafield tag="650" ind1=" " ind2="7">
         <subfield code="a">Mythologie.</subfield>
         <subfield code="2">gnd</subfield>
         <subfield code="0">(DE-601)104616903</subfield>
      </datafield>
      <datafield tag="700" ind1="1" ind2=" ">
         <subfield code="a">Chuvin, Pierre.</subfield>
      </datafield>
      <datafield tag="700" ind1="1" ind2=" ">
         <subfield code="a">Lauritzen, Delphine.</subfield>
      </datafield>
      <datafield tag="700" ind1="1" ind2=" ">
         <subfield code="a">Tardieu, Michel.</subfield>
      </datafield>
      <datafield tag="830" ind1=" " ind2="0">
         <subfield code="a">CNRS éditions Alpha.</subfield>
      </datafield>
      <datafield tag="880" ind1="0" ind2="0">
         <subfield code="9"/>
         <subfield code="t">Per una rilettura del "secondo prologo" dei Lithica orfici /</subfield>
         <subfield code="r">Nicola Zito --</subfield>
         <subfield code="t">Nonn., Dion. XXVI 282 /</subfield>
         <subfield code="r">Claudio De Stefani --</subfield>
         <subfield code="t">Annonces et présages chez Nonnos ou le destin annoncé de Cadmos /</subfield>
         <subfield code="r">Hélène Frangoulis --</subfield>
         <subfield code="t">The Resurrections of Tylus and Lazarus in Nonnus of Panopolis (Dion. XXV, 451-552 and Par. Λ) /</subfield>
         <subfield code="r">Konstantinos Spanoudakis --</subfield>
         <subfield code="t">L'image de Méléagre et Atalante dans l'Antiquité tardive : la mosaïque de Sôran (Apamène) /</subfield>
         <subfield code="r">Janine Balty.</subfield>
         <subfield code="g">Partie III.</subfield>
         <subfield code="t">Étapes en terre du Logos.</subfield>
         <subfield code="t">Qu'Hésiode ni ses Muses ne faisaient de métapoétique /</subfield>
         <subfield code="r">Françoise Frazier --</subfield>
         <subfield code="t">[Stergein, storgī] : l'architecture du sens /</subfield>
         <subfield code="r">Sophie Minon --</subfield>
         <subfield code="t">Les mots du cou en grec et l'expression des sentiments /</subfield>
         <subfield code="r">Michel Casevitz --</subfield>
         <subfield code="t">La création lexicale dans les Hymnes orphiques : Réflexions sur le nombre et la fonction des hapax /</subfield>
         <subfield code="r">Marie-Christine Fayant --</subfield>
         <subfield code="t">Ancora sulla formularità nell'epica tardogreca: Nonno e il campo fisionomico /</subfield>
      </datafield>
      <datafield tag="880" ind1="0" ind2="0">
         <subfield code="9"/>
         <subfield code="r">Gennaro D'Ippolito --</subfield>
         <subfield code="t">Osservazioni sul poemetto di Cristodoro di Copto /</subfield>
         <subfield code="r">Enrico Magnelli --</subfield>
         <subfield code="t">Paul le Silentiaire lecteur de Jean de Gaza /</subfield>
         <subfield code="r">Delphine Lauritzen.</subfield>
         <subfield code="g">Partie IV.</subfield>
         <subfield code="t">Les sens du voyage.</subfield>
         <subfield code="t">Anthropomorphisme et abstractions divinisées dans la religion romaine /</subfield>
         <subfield code="r">Charles Guittard --</subfield>
         <subfield code="t">Sur l'interprétation du Démiurge chez Plotin /</subfield>
         <subfield code="r">Annick Charles-Saget --</subfield>
         <subfield code="t">Dionysos chez l'empereur Julien /</subfield>
         <subfield code="r">Jean Bouffartigue --</subfield>
         <subfield code="t">De Jamblique à Damascius : la dimension syrienne du platonisme /</subfield>
         <subfield code="r">Polymnia Athanassiadi --</subfield>
         <subfield code="t">Cave Amorem : letture allegoriche e morali del mito di Ero e Leandro /</subfield>
         <subfield code="r">Domenico Accorinti --</subfield>
         <subfield code="t">La conversion du dernier païen /</subfield>
         <subfield code="r">Michel Tardieu.</subfield>
      </datafield>
      <datafield tag="OWN" ind1=" " ind2=" ">
         <subfield code="a">GENERAL</subfield>
      </datafield>
      <datafield tag="AVA" ind1=" " ind2=" ">
         <subfield code="a">NYU50</subfield>
         <subfield code="b">BOBST</subfield>
         <subfield code="c">Main Collection</subfield>
         <subfield code="d">D15.C48 V69 2013</subfield>
         <subfield code="e">unavailable</subfield>
         <subfield code="t">Unavailable</subfield>
         <subfield code="f">1</subfield>
         <subfield code="g">1</subfield>
         <subfield code="h">N</subfield>
         <subfield code="i">0</subfield>
         <subfield code="j">MAIN</subfield>
         <subfield code="k">0</subfield>
      </datafield>
      <datafield tag="AVA" ind1=" " ind2=" ">
         <subfield code="a">NYU50</subfield>
         <subfield code="b">NISAW</subfield>
         <subfield code="c">Small Collection</subfield>
         <subfield code="d">D15.C48 V69 2013 Non-circulating</subfield>
         <subfield code="e">available</subfield>
         <subfield code="t">Available</subfield>
         <subfield code="f">1</subfield>
         <subfield code="g">0</subfield>
         <subfield code="h">N</subfield>
         <subfield code="i">0</subfield>
         <subfield code="j">SMALL</subfield>
         <subfield code="k">0</subfield>
      </datafield>
      <marc:datafield tag="852" ind1=" " ind2=" ">
         <marc:subfield code="b">Institute for the Study of the Ancient World, </marc:subfield>
         <marc:subfield code="c">Small Collection</marc:subfield>
         <marc:subfield code="e">15 East 84th St., </marc:subfield>
         <marc:subfield code="e">New York, NY  10028</marc:subfield>
      </marc:datafield>
   </record>