
  
  
  
  
  
  
  
  
  
  
 
  
  <record xsi:schemaLocation="http://www.loc.gov/MARC21/slim http://www.loc.gov/standards/marcxml/schema/MARC21slim.xsd">
      <leader>00000cam a22     Ii 4500</leader>
      <controlfield tag="FMT">BK</controlfield>
      <controlfield tag="LDR">00000cam a22     Ii 4500</controlfield>
      <controlfield tag="001">005063689</controlfield>
      <controlfield tag="005">20170714152228.0</controlfield>
      <controlfield tag="008">170711m19509999ctuacfh       000 0 heb</controlfield>
      <datafield tag="010" ind1=" " ind2=" ">
         <subfield code="a">   50014067</subfield>
      </datafield>
      <datafield tag="035" ind1=" " ind2=" ">
         <subfield code="a">(OCoLC)2001826</subfield>
         <subfield code="z">(OCoLC)664343</subfield>
         <subfield code="z">(OCoLC)193268451</subfield>
         <subfield code="z">(OCoLC)222265682</subfield>
         <subfield code="z">(OCoLC)224138226</subfield>
         <subfield code="z">(OCoLC)874476931</subfield>
      </datafield>
      <datafield tag="040" ind1=" " ind2=" ">
         <subfield code="a">DLC</subfield>
         <subfield code="b">eng</subfield>
         <subfield code="e">rda</subfield>
         <subfield code="c">YYP</subfield>
         <subfield code="d">GZM</subfield>
         <subfield code="d">OCLCQ</subfield>
         <subfield code="d">NLGGC</subfield>
         <subfield code="d">MUQ</subfield>
         <subfield code="d">OCLCQ</subfield>
         <subfield code="d">OCLCG</subfield>
         <subfield code="d">STF</subfield>
         <subfield code="d">MNJ</subfield>
         <subfield code="d">CRU</subfield>
         <subfield code="d">OCLCQ</subfield>
         <subfield code="d">J9U</subfield>
         <subfield code="d">UTS</subfield>
         <subfield code="d">LVB</subfield>
         <subfield code="d">ZWZ</subfield>
         <subfield code="d">OCLCO</subfield>
         <subfield code="d">OCLCF</subfield>
         <subfield code="d">OCLCQ</subfield>
         <subfield code="d">OCLCO</subfield>
         <subfield code="d">OCLCQ</subfield>
         <subfield code="d">CDS</subfield>
         <subfield code="d">JPG</subfield>
         <subfield code="d">ZYU</subfield>
      </datafield>
      <datafield tag="041" ind1="0" ind2=" ">
         <subfield code="a">heb</subfield>
         <subfield code="a">eng</subfield>
      </datafield>
      <datafield tag="050" ind1=" " ind2="4">
         <subfield code="a">BM487</subfield>
         <subfield code="b">.A1 1950</subfield>
      </datafield>
      <datafield tag="079" ind1=" " ind2=" ">
         <subfield code="a">(OCoLC)2001826</subfield>
      </datafield>
      <datafield tag="082" ind1="0" ind2="4">
         <subfield code="a">091</subfield>
      </datafield>
      <datafield tag="084" ind1=" " ind2=" ">
         <subfield code="a">11.26</subfield>
         <subfield code="2">bcl</subfield>
      </datafield>
      <datafield tag="084" ind1=" " ind2=" ">
         <subfield code="a">11.41</subfield>
         <subfield code="2">bcl</subfield>
      </datafield>
      <datafield tag="130" ind1="0" ind2=" ">
         <subfield code="a">Dead Sea scrolls.</subfield>
      </datafield>
      <datafield tag="245" ind1="1" ind2="4">
         <subfield code="a">The Dead Sea scrolls of St. Mark's Monastery /</subfield>
         <subfield code="c">edited for the trustees by Millar Burrows ; with the assistance of John C. Trever and William H. Brownlee.</subfield>
      </datafield>
      <datafield tag="264" ind1=" " ind2="1">
         <subfield code="a">New Haven :</subfield>
         <subfield code="b">American Schools of Oriental Research,</subfield>
         <subfield code="c">1950-</subfield>
      </datafield>
      <datafield tag="300" ind1=" " ind2=" ">
         <subfield code="a">volumes :</subfield>
         <subfield code="b">illustrations, facsimiles, portrait ;</subfield>
         <subfield code="c">32 cm</subfield>
      </datafield>
      <datafield tag="336" ind1=" " ind2=" ">
         <subfield code="a">text</subfield>
         <subfield code="b">txt</subfield>
         <subfield code="2">rdacontent</subfield>
      </datafield>
      <datafield tag="337" ind1=" " ind2=" ">
         <subfield code="a">unmediated</subfield>
         <subfield code="b">n</subfield>
         <subfield code="2">rdamedia</subfield>
      </datafield>
      <datafield tag="338" ind1=" " ind2=" ">
         <subfield code="a">volume</subfield>
         <subfield code="b">nc</subfield>
         <subfield code="2">rdacarrier</subfield>
      </datafield>
      <datafield tag="546" ind1=" " ind2=" ">
         <subfield code="a">Transcription of Hebrew text, with introduction in English.</subfield>
      </datafield>
      <datafield tag="500" ind1=" " ind2=" ">
         <subfield code="a">The plates are facsim. reproductions of the original manuscripts, and are accompanied by printed Hebrew text.</subfield>
      </datafield>
      <datafield tag="505" ind1="0" ind2=" ">
         <subfield code="a">v. 1. The Isaiah manuscript and the Habakkuk commentary -- v. 2. Plates &amp; transcription of the manual of discipline.</subfield>
      </datafield>
      <datafield tag="500" ind1=" " ind2=" ">
         <subfield code="a">ISAW copy is from the library of David I. Owen.</subfield>
         <subfield code="5">NyNyUAW</subfield>
      </datafield>
      <datafield tag="650" ind1=" " ind2="0">
         <subfield code="a">Manuscripts, Hebrew</subfield>
         <subfield code="v">Facsimiles.</subfield>
      </datafield>
      <datafield tag="630" ind1="0" ind2="0">
         <subfield code="a">Habakkuk commentary.</subfield>
      </datafield>
      <datafield tag="630" ind1="0" ind2="0">
         <subfield code="a">Dead Sea scrolls.</subfield>
         <subfield code="n">1QIsa.</subfield>
      </datafield>
      <datafield tag="630" ind1="0" ind2="6">
         <subfield code="a">Bible</subfield>
         <subfield code="x">Manuscrits.</subfield>
      </datafield>
      <datafield tag="651" ind1=" " ind2="7">
         <subfield code="a">Qumran.</subfield>
         <subfield code="2">pleiades</subfield>
         <subfield code="0">https://pleiades.stoa.org/places/688011</subfield>
         <subfield code="5">NyNyUAW</subfield>
      </datafield>
      <datafield tag="650" ind1=" " ind2="7">
         <subfield code="a">Manuscripts, Hebrew.</subfield>
         <subfield code="2">fast</subfield>
         <subfield code="0">(OCoLC)fst01008360</subfield>
      </datafield>
      <datafield tag="655" ind1=" " ind2="7">
         <subfield code="a">Facsimiles.</subfield>
         <subfield code="2">fast</subfield>
         <subfield code="0">(OCoLC)fst01411642</subfield>
      </datafield>
      <datafield tag="700" ind1="1" ind2=" ">
         <subfield code="a">Burrows, Millar,</subfield>
         <subfield code="d">1889-1980,</subfield>
         <subfield code="e">editor.</subfield>
      </datafield>
      <datafield tag="700" ind1="1" ind2=" ">
         <subfield code="a">Owen, David I.,</subfield>
         <subfield code="e">former owner.</subfield>
         <subfield code="5">NyNyUAW</subfield>
      </datafield>
      <datafield tag="740" ind1="0" ind2=" ">
         <subfield code="a">Owen Collection.</subfield>
         <subfield code="5">NyNyUAW</subfield>
      </datafield>
      <datafield tag="730" ind1="0" ind2="2">
         <subfield code="i">Container of (work):</subfield>
         <subfield code="a">Dead Sea Scrolls.</subfield>
         <subfield code="n">1QIsa.</subfield>
      </datafield>
      <datafield tag="730" ind1="0" ind2="2">
         <subfield code="i">Container of (work):</subfield>
         <subfield code="a">Habakkuk commentary.</subfield>
      </datafield>
      <datafield tag="710" ind1="2" ind2=" ">
         <subfield code="a">Dayr Mār Murqus lil-Suryān al-Urthūdhuks bi-Ūrushalīm.</subfield>
      </datafield>
      <datafield tag="740" ind1="0" ind2=" ">
         <subfield code="6">880-01</subfield>
         <subfield code="a">Megilot genuzo̦t.</subfield>
      </datafield>
      <datafield tag="776" ind1="0" ind2="8">
         <subfield code="i">Online version:</subfield>
         <subfield code="a">Dead Sea scrolls.</subfield>
         <subfield code="t">Dead Sea scrolls of St. Mark's Monastery.</subfield>
         <subfield code="d">New Haven, American Schools of Oriental Research, 1950-</subfield>
         <subfield code="w">(OCoLC)778356527</subfield>
      </datafield>
      <datafield tag="880" ind1="0" ind2=" ">
         <subfield code="6">740-01/</subfield>
         <subfield code="a">מגלות גנוזות.</subfield>
      </datafield>
      <datafield tag="OWN" ind1=" " ind2=" ">
         <subfield code="a">GENERAL</subfield>
      </datafield>
      <datafield tag="AVA" ind1=" " ind2=" ">
         <subfield code="a">NYU50</subfield>
         <subfield code="b">NISAW</subfield>
         <subfield code="c">Large Collection</subfield>
         <subfield code="d">BM487 .A1 1950 Non-circulating</subfield>
         <subfield code="e">available</subfield>
         <subfield code="t">Available</subfield>
         <subfield code="f">1</subfield>
         <subfield code="g">0</subfield>
         <subfield code="h">Y</subfield>
         <subfield code="i">0</subfield>
         <subfield code="j">LARGE</subfield>
         <subfield code="k">0</subfield>
      </datafield>
      <marc:datafield tag="852" ind1=" " ind2=" ">
         <marc:subfield code="b">Institute for the Study of the Ancient World, </marc:subfield>
         <marc:subfield code="c">Large Collection</marc:subfield>
         <marc:subfield code="e">15 East 84th St., </marc:subfield>
         <marc:subfield code="e">New York, NY  10028</marc:subfield>
      </marc:datafield>
   </record>