
  
  
  
  
  
  
  
  
  
  
  
  
  
 
  
  <record xsi:schemaLocation="http://www.loc.gov/MARC21/slim http://www.loc.gov/standards/marcxml/schema/MARC21slim.xsd">
      <leader>00000cam a2200661 a 4500</leader>
      <controlfield tag="FMT">BK</controlfield>
      <controlfield tag="LDR">00000cam a2200661 a 4500</controlfield>
      <controlfield tag="001">000466695</controlfield>
      <controlfield tag="003">OCoLC</controlfield>
      <controlfield tag="005">20170731130234.0</controlfield>
      <controlfield tag="008">070122s2006    gw       b    101 0 mul</controlfield>
      <datafield tag="010" ind1=" " ind2=" ">
         <subfield code="a">2007366957</subfield>
      </datafield>
      <datafield tag="015" ind1=" " ind2=" ">
         <subfield code="a">06,N11,0257</subfield>
         <subfield code="2">dnb</subfield>
      </datafield>
      <datafield tag="016" ind1="7" ind2=" ">
         <subfield code="a">978575865</subfield>
         <subfield code="2">DE-101</subfield>
      </datafield>
      <datafield tag="020" ind1=" " ind2=" ">
         <subfield code="a">9783050041490</subfield>
      </datafield>
      <datafield tag="020" ind1=" " ind2=" ">
         <subfield code="a">3050041498</subfield>
      </datafield>
      <datafield tag="024" ind1="3" ind2=" ">
         <subfield code="a">9783050041490</subfield>
      </datafield>
      <datafield tag="035" ind1=" " ind2=" ">
         <subfield code="a">(OCoLC)77548180</subfield>
      </datafield>
      <datafield tag="040" ind1=" " ind2=" ">
         <subfield code="a">DLC</subfield>
         <subfield code="b">eng</subfield>
         <subfield code="c">DLC</subfield>
         <subfield code="d">OHX</subfield>
         <subfield code="d">NLGGC</subfield>
         <subfield code="d">ZWZ</subfield>
         <subfield code="d">HEBIS</subfield>
         <subfield code="d">CGU</subfield>
         <subfield code="d">OCLCF</subfield>
         <subfield code="d">OCLCO</subfield>
         <subfield code="d">OCLCQ</subfield>
         <subfield code="d">OCL</subfield>
         <subfield code="d">YDXCP</subfield>
         <subfield code="d">DEBSZ</subfield>
         <subfield code="d">OCL</subfield>
         <subfield code="d">ZYU</subfield>
      </datafield>
      <datafield tag="043" ind1=" " ind2=" ">
         <subfield code="a">e------</subfield>
         <subfield code="a">ff-----</subfield>
         <subfield code="a">aw-----</subfield>
      </datafield>
      <datafield tag="050" ind1="0" ind2="0">
         <subfield code="a">DG12.5</subfield>
         <subfield code="b">.H47 2006</subfield>
      </datafield>
      <datafield tag="072" ind1=" " ind2="7">
         <subfield code="a">DG</subfield>
         <subfield code="2">lcco</subfield>
      </datafield>
      <datafield tag="079" ind1=" " ind2=" ">
         <subfield code="a">(OCoLC)77548180</subfield>
      </datafield>
      <datafield tag="082" ind1="0" ind2="4">
         <subfield code="a">937.06</subfield>
         <subfield code="2">22/ger</subfield>
      </datafield>
      <datafield tag="084" ind1=" " ind2=" ">
         <subfield code="a">15.52</subfield>
         <subfield code="2">bcl</subfield>
      </datafield>
      <datafield tag="245" ind1="0" ind2="0">
         <subfield code="a">Herrschaftsstrukturen und Herrschaftspraxis :</subfield>
         <subfield code="b">Konzepte, Prinzipien und Strategien der Administration im römischen Kaiserreich : Akten der Tagung an der Universität Zürich, 18.-20.10.2004 /</subfield>
         <subfield code="c">herausgegeben von Anne Kolb.</subfield>
      </datafield>
      <datafield tag="260" ind1=" " ind2=" ">
         <subfield code="a">Berlin :</subfield>
         <subfield code="b">Akademie Verlag,</subfield>
         <subfield code="c">2006.</subfield>
      </datafield>
      <datafield tag="300" ind1=" " ind2=" ">
         <subfield code="a">380 pages ;</subfield>
         <subfield code="c">25 cm</subfield>
      </datafield>
      <datafield tag="336" ind1=" " ind2=" ">
         <subfield code="a">text</subfield>
         <subfield code="b">txt</subfield>
         <subfield code="2">rdacontent</subfield>
      </datafield>
      <datafield tag="337" ind1=" " ind2=" ">
         <subfield code="a">unmediated</subfield>
         <subfield code="b">n</subfield>
         <subfield code="2">rdamedia</subfield>
      </datafield>
      <datafield tag="338" ind1=" " ind2=" ">
         <subfield code="a">volume</subfield>
         <subfield code="b">nc</subfield>
         <subfield code="2">rdacarrier</subfield>
      </datafield>
      <datafield tag="504" ind1=" " ind2=" ">
         <subfield code="a">Includes bibliographical references (pages 328-355) and index.</subfield>
      </datafield>
      <datafield tag="505" ind1="0" ind2="0">
         <subfield code="g">I.</subfield>
         <subfield code="t">Der Kaiser : Ziele und Strategien der Politik.</subfield>
         <subfield code="t">The finances of the Roman Empire : Budgetary policy /</subfield>
         <subfield code="r">Elio Lo Cascio --</subfield>
         <subfield code="t">The food distributions in Rome and Constantinople : Imperial power and continuity /</subfield>
         <subfield code="r">Boudewijn Sirks --</subfield>
         <subfield code="t">Administrative strategies of the Emperor Severus Alexander and his Advisers /</subfield>
         <subfield code="r">Lukas de Blois --</subfield>
         <subfield code="t">The legitimacy of the Roman Emperor : Against Weberian legitimacy and imperial "strategies of legitimation" /</subfield>
         <subfield code="r">J. E. Lendon.</subfield>
         <subfield code="g">II.</subfield>
         <subfield code="t">Prinzipien staatlichen Handelns : Ämter, Amtsträger und Status.</subfield>
         <subfield code="t">Der Kaiser und seine Ratgeber : Überlegungen zurn inneren Zusammenhang von amici, comites und consiliarii am römischen Kaiserhof /</subfield>
         <subfield code="r">Werner Eck --</subfield>
         <subfield code="t">Frontinus and the creation of a new administrative office /</subfield>
         <subfield code="r">Michael Peachin --</subfield>
         <subfield code="t">Der Kaiser und die stadtrömischen curae : Geschichte und Bedeutung /</subfield>
         <subfield code="r">Christer Bruun --</subfield>
         <subfield code="t">Equestrian prefects and the award of senatorial honours from the Severans to Constantine /</subfield>
         <subfield code="r">Benet Salway --</subfield>
         <subfield code="t">Reichskummerkasten : Die Arbeit der kaiserlichen Libellkanzlei /</subfield>
         <subfield code="r">Detlef Liebs --</subfield>
         <subfield code="t">Von den Augusti liberti zu den Caesariani /</subfield>
         <subfield code="r">Rudolf Haensch.</subfield>
         <subfield code="g">III.</subfield>
         <subfield code="t">Der Provinzgouverneur : Kommunikation, Interaktion und Administration.</subfield>
         <subfield code="t">The justice of the Roman governor and the performance of prestige /</subfield>
         <subfield code="r">Elizabeth Meyer --</subfield>
         <subfield code="t">The governor’s boot and the city’s politicians : Greek communities and Rome’s representatives under the Empire /</subfield>
         <subfield code="r">Christina Kokkinia --</subfield>
         <subfield code="t">Der praefectus Aegypti und die Städte /</subfield>
         <subfield code="r">Andrea Jördens --</subfield>
         <subfield code="t">Der Statthalter und die Verwaltung der Reichsstrassen in der Kaiserzeit /</subfield>
         <subfield code="r">Michael Rathmann.</subfield>
         <subfield code="g">IV.</subfield>
         <subfield code="t">Die Armee: Rolle und Aufgaben in der Provinzialverwaltung.</subfield>
         <subfield code="t">Militia : Zu Sprachgebrauch und Militarisierung in der kaiserzeitlichen Verwaltung /</subfield>
         <subfield code="r">Michael A. Speidel --</subfield>
         <subfield code="t">Les stationes comme espace et transmission du pouvoir /</subfield>
         <subfield code="r">Jocelyne Nelis-Clément --</subfield>
         <subfield code="t">Zivile Aufgaben der Armee im kaiserzeitlichen Ägypten /</subfield>
         <subfield code="r">Bernhard Palme.</subfield>
      </datafield>
      <datafield tag="651" ind1=" " ind2="0">
         <subfield code="a">Rome</subfield>
         <subfield code="x">History</subfield>
         <subfield code="y">Empire, 30 B.C.-476 A.D.</subfield>
         <subfield code="v">Congresses.</subfield>
      </datafield>
      <datafield tag="651" ind1=" " ind2="0">
         <subfield code="a">Rome</subfield>
         <subfield code="x">Politics and government</subfield>
         <subfield code="v">Congresses.</subfield>
      </datafield>
      <datafield tag="651" ind1=" " ind2="7">
         <subfield code="a">Rome (Empire)</subfield>
         <subfield code="2">fast</subfield>
         <subfield code="0">(OCoLC)fst01204885</subfield>
      </datafield>
      <datafield tag="655" ind1=" " ind2="7">
         <subfield code="a">Conference papers and proceedings.</subfield>
         <subfield code="2">fast</subfield>
         <subfield code="0">(OCoLC)fst01423772</subfield>
      </datafield>
      <datafield tag="655" ind1=" " ind2="7">
         <subfield code="a">History.</subfield>
         <subfield code="2">fast</subfield>
         <subfield code="0">(OCoLC)fst01411628</subfield>
      </datafield>
      <datafield tag="700" ind1="1" ind2=" ">
         <subfield code="a">Kolb, Anne.</subfield>
      </datafield>
      <datafield tag="856" ind1="4" ind2=" ">
         <subfield code="3">Inhaltstext</subfield>
         <subfield code="u">http://deposit.ddb.de/cgi-bin/dokserv?id=2776721&amp;prov=M&amp;dok%5Fvar=1&amp;dok%5Fext=htm</subfield>
      </datafield>
      <datafield tag="856" ind1="4" ind2=" ">
         <subfield code="3">Inhaltsverzeichnis</subfield>
         <subfield code="u">http://swbplus.bsz-bw.de/bsz251923916inh.htm</subfield>
      </datafield>
      <datafield tag="OWN" ind1=" " ind2=" ">
         <subfield code="a">GENERAL</subfield>
      </datafield>
      <datafield tag="AVA" ind1=" " ind2=" ">
         <subfield code="a">NYU50</subfield>
         <subfield code="b">BOBST</subfield>
         <subfield code="c">Main Collection</subfield>
         <subfield code="d">DG12.5 .H47 2006</subfield>
         <subfield code="e">unavailable</subfield>
         <subfield code="t">Unavailable</subfield>
         <subfield code="f">1</subfield>
         <subfield code="g">1</subfield>
         <subfield code="h">N</subfield>
         <subfield code="i">10</subfield>
         <subfield code="j">MAIN</subfield>
         <subfield code="k">0</subfield>
      </datafield>
      <datafield tag="AVA" ind1=" " ind2=" ">
         <subfield code="a">NYU50</subfield>
         <subfield code="b">NISAW</subfield>
         <subfield code="c">Small Collection</subfield>
         <subfield code="d">DG12.5 .H47 2006 Non-circulating</subfield>
         <subfield code="e">available</subfield>
         <subfield code="t">Available</subfield>
         <subfield code="f">1</subfield>
         <subfield code="g">0</subfield>
         <subfield code="h">N</subfield>
         <subfield code="i">0</subfield>
         <subfield code="j">SMALL</subfield>
         <subfield code="k">0</subfield>
      </datafield>
      <marc:datafield tag="852" ind1=" " ind2=" ">
         <marc:subfield code="b">Institute for the Study of the Ancient World, </marc:subfield>
         <marc:subfield code="c">Small Collection</marc:subfield>
         <marc:subfield code="e">15 East 84th St., </marc:subfield>
         <marc:subfield code="e">New York, NY  10028</marc:subfield>
      </marc:datafield>
   </record>