
  
  
  
  
  
  
  
  
  
  
 
  
  <record xsi:schemaLocation="http://www.loc.gov/MARC21/slim http://www.loc.gov/standards/marcxml/schema/MARC21slim.xsd">
      <leader>00000cam a22      a 4500</leader>
      <controlfield tag="FMT">BK</controlfield>
      <controlfield tag="LDR">00000cam a22      a 4500</controlfield>
      <controlfield tag="001">005063744</controlfield>
      <controlfield tag="005">20170711140708.0</controlfield>
      <controlfield tag="008">170711s2002    oncace   b    000 0 eng</controlfield>
      <datafield tag="016" ind1=" " ind2=" ">
         <subfield code="a">20029035155</subfield>
      </datafield>
      <datafield tag="020" ind1=" " ind2=" ">
         <subfield code="a">0888544413</subfield>
         <subfield code="q">(pbk.)</subfield>
      </datafield>
      <datafield tag="020" ind1=" " ind2=" ">
         <subfield code="a">9780888544414</subfield>
         <subfield code="q">(pbk.)</subfield>
      </datafield>
      <datafield tag="035" ind1=" " ind2=" ">
         <subfield code="a">(OCoLC)50227404</subfield>
      </datafield>
      <datafield tag="040" ind1=" " ind2=" ">
         <subfield code="a">NLC</subfield>
         <subfield code="b">eng</subfield>
         <subfield code="c">NLC</subfield>
         <subfield code="d">YDXCP</subfield>
         <subfield code="d">OCLCF</subfield>
         <subfield code="d">OCLCQ</subfield>
         <subfield code="d">OCLCO</subfield>
         <subfield code="d">ZYU</subfield>
      </datafield>
      <datafield tag="041" ind1="0" ind2=" ">
         <subfield code="a">eng</subfield>
         <subfield code="b">chi</subfield>
      </datafield>
      <datafield tag="043" ind1=" " ind2=" ">
         <subfield code="a">a-cc---</subfield>
         <subfield code="a">a-cc-sz</subfield>
      </datafield>
      <datafield tag="050" ind1=" " ind2="4">
         <subfield code="a">DS793 .S8</subfield>
         <subfield code="b">S428 2002</subfield>
      </datafield>
      <datafield tag="055" ind1=" " ind2="0">
         <subfield code="a">DS793 S8</subfield>
         <subfield code="b">R85 2002</subfield>
      </datafield>
      <datafield tag="055" ind1="0" ind2="0">
         <subfield code="a">DS793 S8</subfield>
         <subfield code="b">S54 2002</subfield>
      </datafield>
      <datafield tag="079" ind1=" " ind2=" ">
         <subfield code="a">(OCoLC)50227404</subfield>
      </datafield>
      <datafield tag="082" ind1="0" ind2="4">
         <subfield code="a">709/.513809013</subfield>
         <subfield code="2">22</subfield>
      </datafield>
      <datafield tag="100" ind1="1" ind2=" ">
         <subfield code="a">Shen, Chen,</subfield>
         <subfield code="d">1964-</subfield>
      </datafield>
      <datafield tag="245" ind1="1" ind2="0">
         <subfield code="a">Anyang and Sanxingdui :</subfield>
         <subfield code="b">unveiling the mysteries of ancient Chinese civilizations /</subfield>
         <subfield code="c">Chen Shen.</subfield>
      </datafield>
      <datafield tag="260" ind1=" " ind2=" ">
         <subfield code="a">Toronto :</subfield>
         <subfield code="b">Royal Ontario Museum,</subfield>
         <subfield code="c">2002.</subfield>
      </datafield>
      <datafield tag="300" ind1=" " ind2=" ">
         <subfield code="a">112 pages :</subfield>
         <subfield code="b">illustrations (chiefly color), portraits, plans ;</subfield>
         <subfield code="c">22 cm</subfield>
      </datafield>
      <datafield tag="336" ind1=" " ind2=" ">
         <subfield code="a">text</subfield>
         <subfield code="b">txt</subfield>
         <subfield code="2">rdacontent</subfield>
      </datafield>
      <datafield tag="337" ind1=" " ind2=" ">
         <subfield code="a">unmediated</subfield>
         <subfield code="b">n</subfield>
         <subfield code="2">rdamedia</subfield>
      </datafield>
      <datafield tag="338" ind1=" " ind2=" ">
         <subfield code="a">volume</subfield>
         <subfield code="b">nc</subfield>
         <subfield code="2">rdacarrier</subfield>
      </datafield>
      <datafield tag="500" ind1=" " ind2=" ">
         <subfield code="a">Published in conjunction with Treasures from a lost civilization : ancient Chinese art from Sichuan, organized by the Seatlle Museum of Art, in conjunction with the Bureau of Cultural Relics, Sichuan Province, People's Republic of China; Seattle Art Museum, May 10, 2001 - August 12, 2001; Kimbell Art Museum, Fort Worth, September 30, 2001 - January 13, 2002; Metropolitan Museum of Art, New York, March 4, 2002 - June 16, 2002; Royal Ontario Museum, Toronto, August 2, 2002 - November 10, 2002.</subfield>
      </datafield>
      <datafield tag="504" ind1=" " ind2=" ">
         <subfield code="a">Includes bibliographical references.</subfield>
      </datafield>
      <datafield tag="546" ind1=" " ind2=" ">
         <subfield code="a">Title and text in English ; with glossary in Chinese.</subfield>
      </datafield>
      <datafield tag="546" ind1=" " ind2=" ">
         <subfield code="a">Chinese text romanized in Pin-yin.</subfield>
      </datafield>
      <datafield tag="500" ind1=" " ind2=" ">
         <subfield code="a">ISAW copy is from the library of Susan L. Beningson.</subfield>
         <subfield code="5">NyNyUAW</subfield>
      </datafield>
      <datafield tag="650" ind1=" " ind2="0">
         <subfield code="a">Art, Chinese</subfield>
         <subfield code="y">To 221 B.C.</subfield>
         <subfield code="v">Exhibitions.</subfield>
      </datafield>
      <datafield tag="650" ind1=" " ind2="0">
         <subfield code="a">Bronze age</subfield>
         <subfield code="z">China</subfield>
         <subfield code="z">Sichuan Sheng</subfield>
         <subfield code="v">Exhibitions.</subfield>
      </datafield>
      <datafield tag="650" ind1=" " ind2="0">
         <subfield code="a">Art, Ancient</subfield>
         <subfield code="z">China</subfield>
         <subfield code="z">Sichuan Sheng</subfield>
         <subfield code="v">Exhibitions.</subfield>
      </datafield>
      <datafield tag="651" ind1=" " ind2="0">
         <subfield code="a">Sichuan Sheng (China)</subfield>
         <subfield code="x">Antiquities</subfield>
         <subfield code="v">Exhibitions.</subfield>
      </datafield>
      <datafield tag="651" ind1=" " ind2="0">
         <subfield code="a">Sanxingdui Site (China)</subfield>
         <subfield code="x">Antiquities</subfield>
         <subfield code="v">Exhibitions.</subfield>
      </datafield>
      <datafield tag="651" ind1=" " ind2="0">
         <subfield code="a">Yinxu (Extinct city)</subfield>
         <subfield code="v">Exhibitions.</subfield>
      </datafield>
      <datafield tag="650" ind1=" " ind2="0">
         <subfield code="a">Excavations (Archaeology)</subfield>
         <subfield code="z">China</subfield>
         <subfield code="z">Sichuan Sheng</subfield>
         <subfield code="v">Exhibitions.</subfield>
      </datafield>
      <datafield tag="650" ind1=" " ind2="6">
         <subfield code="a">Art chinois</subfield>
         <subfield code="y">Jusqu'à 221 av. J.-C</subfield>
         <subfield code="v">Expositions.</subfield>
      </datafield>
      <datafield tag="650" ind1=" " ind2="6">
         <subfield code="a">Âge du bronze</subfield>
         <subfield code="z">Chine</subfield>
         <subfield code="z">Sichuan</subfield>
         <subfield code="v">Expositions.</subfield>
      </datafield>
      <datafield tag="650" ind1=" " ind2="6">
         <subfield code="a">Art antique</subfield>
         <subfield code="z">Chine</subfield>
         <subfield code="z">Sichuan</subfield>
         <subfield code="v">Expositions.</subfield>
      </datafield>
      <datafield tag="651" ind1=" " ind2="6">
         <subfield code="a">Sichuan (Chine)</subfield>
         <subfield code="x">Antiquités</subfield>
         <subfield code="v">Expositions.</subfield>
      </datafield>
      <datafield tag="650" ind1=" " ind2="7">
         <subfield code="a">Antiquities.</subfield>
         <subfield code="2">fast</subfield>
         <subfield code="0">(OCoLC)fst00810745</subfield>
      </datafield>
      <datafield tag="650" ind1=" " ind2="7">
         <subfield code="a">Art, Ancient.</subfield>
         <subfield code="2">fast</subfield>
         <subfield code="0">(OCoLC)fst00815925</subfield>
      </datafield>
      <datafield tag="650" ind1=" " ind2="7">
         <subfield code="a">Art, Chinese.</subfield>
         <subfield code="2">fast</subfield>
         <subfield code="0">(OCoLC)fst00816103</subfield>
      </datafield>
      <datafield tag="650" ind1=" " ind2="7">
         <subfield code="a">Bronze age.</subfield>
         <subfield code="2">fast</subfield>
         <subfield code="0">(OCoLC)fst00839439</subfield>
      </datafield>
      <datafield tag="651" ind1=" " ind2="7">
         <subfield code="a">China</subfield>
         <subfield code="z">Sichuan Sheng.</subfield>
         <subfield code="2">fast</subfield>
         <subfield code="0">(OCoLC)fst01212127</subfield>
      </datafield>
      <datafield tag="648" ind1=" " ind2="7">
         <subfield code="a">To 221 B.C.</subfield>
         <subfield code="2">fast</subfield>
      </datafield>
      <datafield tag="655" ind1=" " ind2="7">
         <subfield code="a">Exhibition catalogs.</subfield>
         <subfield code="2">fast</subfield>
         <subfield code="0">(OCoLC)fst01424028</subfield>
      </datafield>
      <datafield tag="700" ind1="1" ind2=" ">
         <subfield code="a">Beningson, Susan L.,</subfield>
         <subfield code="e">former owner.</subfield>
         <subfield code="5">NyNyUAW</subfield>
      </datafield>
      <datafield tag="710" ind1="2" ind2=" ">
         <subfield code="a">Royal Ontario Museum.</subfield>
      </datafield>
      <datafield tag="740" ind1="0" ind2=" ">
         <subfield code="a">Treasures from a lost civilization.</subfield>
      </datafield>
      <datafield tag="740" ind1="0" ind2=" ">
         <subfield code="a">Beningson Collection.</subfield>
         <subfield code="5">NyNyUAW</subfield>
      </datafield>
      <datafield tag="776" ind1="0" ind2="8">
         <subfield code="i">Online version:</subfield>
         <subfield code="a">Shen, Chen, 1964-</subfield>
         <subfield code="t">Anyang and Sanxingdu.</subfield>
         <subfield code="d">Toronto : Royal Ontario Museum, ©2002</subfield>
         <subfield code="w">(OCoLC)608218501</subfield>
      </datafield>
      <datafield tag="OWN" ind1=" " ind2=" ">
         <subfield code="a">GENERAL</subfield>
      </datafield>
      <datafield tag="AVA" ind1=" " ind2=" ">
         <subfield code="a">NYU50</subfield>
         <subfield code="b">NISAW</subfield>
         <subfield code="c">Large Collection</subfield>
         <subfield code="d">DS793 .S8 S428 2002 Non-circulating</subfield>
         <subfield code="e">available</subfield>
         <subfield code="t">Available</subfield>
         <subfield code="f">1</subfield>
         <subfield code="g">0</subfield>
         <subfield code="h">N</subfield>
         <subfield code="i">0</subfield>
         <subfield code="j">LARGE</subfield>
         <subfield code="k">0</subfield>
      </datafield>
      <marc:datafield tag="852" ind1=" " ind2=" ">
         <marc:subfield code="b">Institute for the Study of the Ancient World, </marc:subfield>
         <marc:subfield code="c">Large Collection</marc:subfield>
         <marc:subfield code="e">15 East 84th St., </marc:subfield>
         <marc:subfield code="e">New York, NY  10028</marc:subfield>
      </marc:datafield>
   </record>