
  
  
  
  
  
  
  
  
  
  
 
  
  <record xsi:schemaLocation="http://www.loc.gov/MARC21/slim http://www.loc.gov/standards/marcxml/schema/MARC21slim.xsd">
      <leader>00000cam a22      a 4500</leader>
      <controlfield tag="FMT">BK</controlfield>
      <controlfield tag="LDR">00000cam a22      a 4500</controlfield>
      <controlfield tag="001">005064350</controlfield>
      <controlfield tag="005">20170725104439.0</controlfield>
      <controlfield tag="008">170713s1989    gs a     b    000 0 ruso</controlfield>
      <datafield tag="010" ind1=" " ind2=" ">
         <subfield code="a">   90162337</subfield>
      </datafield>
      <datafield tag="020" ind1=" " ind2=" ">
         <subfield code="a">5520001863</subfield>
      </datafield>
      <datafield tag="020" ind1=" " ind2=" ">
         <subfield code="a">9785520001867</subfield>
      </datafield>
      <datafield tag="035" ind1=" " ind2=" ">
         <subfield code="a">(OCoLC)22277294</subfield>
      </datafield>
      <datafield tag="040" ind1=" " ind2=" ">
         <subfield code="a">DLC</subfield>
         <subfield code="b">eng</subfield>
         <subfield code="c">DLC</subfield>
         <subfield code="d">STF</subfield>
         <subfield code="d">OCLCF</subfield>
         <subfield code="d">OCLCA</subfield>
         <subfield code="d">OCLCQ</subfield>
         <subfield code="d">OCLCO</subfield>
         <subfield code="d">ZYU</subfield>
      </datafield>
      <datafield tag="041" ind1="0" ind2=" ">
         <subfield code="a">rus</subfield>
         <subfield code="b">eng</subfield>
      </datafield>
      <datafield tag="043" ind1=" " ind2=" ">
         <subfield code="a">a-gs---</subfield>
      </datafield>
      <datafield tag="050" ind1="0" ind2="0">
         <subfield code="a">GN824.G4</subfield>
         <subfield code="b">C53 1989</subfield>
      </datafield>
      <datafield tag="079" ind1=" " ind2=" ">
         <subfield code="a">(OCoLC)22277294</subfield>
      </datafield>
      <datafield tag="082" ind1=" " ind2="4">
         <subfield code="a">930.12094795</subfield>
      </datafield>
      <datafield tag="100" ind1="1" ind2=" ">
         <subfield code="6">880-01</subfield>
         <subfield code="a">Čartʻolani, Šotʻa,</subfield>
         <subfield code="e">author.</subfield>
      </datafield>
      <datafield tag="245" ind1="1" ind2="0">
         <subfield code="6">880-02</subfield>
         <subfield code="a">K istorii nagorʹi͡a Zapadnoĭ Gruzii doklassovoĭ ėpokhi /</subfield>
         <subfield code="c">Sh. G. Chartolani.</subfield>
      </datafield>
      <datafield tag="260" ind1=" " ind2=" ">
         <subfield code="6">880-03</subfield>
         <subfield code="a">Tbilisi :</subfield>
         <subfield code="b">"Met͡sniereba",</subfield>
         <subfield code="c">1989.</subfield>
      </datafield>
      <datafield tag="300" ind1=" " ind2=" ">
         <subfield code="a">267, xlviii pages :</subfield>
         <subfield code="b">illustrations, folded map ;</subfield>
         <subfield code="c">23 cm</subfield>
      </datafield>
      <datafield tag="336" ind1=" " ind2=" ">
         <subfield code="a">text</subfield>
         <subfield code="b">txt</subfield>
         <subfield code="2">rdacontent</subfield>
      </datafield>
      <datafield tag="337" ind1=" " ind2=" ">
         <subfield code="a">unmediated</subfield>
         <subfield code="b">n</subfield>
         <subfield code="2">rdamedia</subfield>
      </datafield>
      <datafield tag="338" ind1=" " ind2=" ">
         <subfield code="a">volume</subfield>
         <subfield code="b">nc</subfield>
         <subfield code="2">rdacarrier</subfield>
      </datafield>
      <datafield tag="500" ind1=" " ind2=" ">
         <subfield code="a">ISAW copy is from the library of Aleksandr Leskov.</subfield>
         <subfield code="5">NyNyUAW</subfield>
      </datafield>
      <datafield tag="500" ind1=" " ind2=" ">
         <subfield code="a">Title in colophon: Dasavletʻ Sakʻartʻvelos mtʻianetʻis istoriisatʻvis cinaklasobriv xanaši.</subfield>
      </datafield>
      <datafield tag="500" ind1=" " ind2=" ">
         <subfield code="6">880-04</subfield>
         <subfield code="a">At head of title: Akademii͡a nauk Gruzinskoĭ SSSR. Arkheologicheskai͡a komissii͡a Gruzii. T͡Sentr arkheologicheskikh issledovaniĭ Instituta istorii, arkheologii i ėtnografii im. I.A. Dzhavakhishvili.</subfield>
      </datafield>
      <datafield tag="500" ind1=" " ind2=" ">
         <subfield code="a">Summary in English.</subfield>
      </datafield>
      <datafield tag="500" ind1=" " ind2=" ">
         <subfield code="a">Accompanied by folded map</subfield>
      </datafield>
      <datafield tag="504" ind1=" " ind2=" ">
         <subfield code="a">Includes bibliographical references.</subfield>
      </datafield>
      <datafield tag="650" ind1=" " ind2="0">
         <subfield code="a">Stone age</subfield>
         <subfield code="z">Georgia (Republic)</subfield>
      </datafield>
      <datafield tag="650" ind1=" " ind2="0">
         <subfield code="a">Bronze age</subfield>
         <subfield code="z">Georgia (Republic)</subfield>
      </datafield>
      <datafield tag="650" ind1=" " ind2="0">
         <subfield code="a">Iron age</subfield>
         <subfield code="z">Georgia (Republic)</subfield>
      </datafield>
      <datafield tag="650" ind1=" " ind2="0">
         <subfield code="a">Excavations (Archaeology)</subfield>
         <subfield code="z">Georgia (Republic)</subfield>
      </datafield>
      <datafield tag="651" ind1=" " ind2="0">
         <subfield code="a">Georgia (Republic)</subfield>
         <subfield code="x">Antiquities.</subfield>
      </datafield>
      <datafield tag="651" ind1=" " ind2="7">
         <subfield code="a">Colchis/Lazike.</subfield>
         <subfield code="2">pleiades</subfield>
         <subfield code="0">https://pleiades.stoa.org/places/863770</subfield>
      </datafield>
      <datafield tag="651" ind1=" " ind2="7">
         <subfield code="a">Iberia.</subfield>
         <subfield code="2">pleiades</subfield>
         <subfield code="0">https://pleiades.stoa.org/places/863807</subfield>
      </datafield>
      <datafield tag="710" ind1="2" ind2=" ">
         <subfield code="a">Sakʻartʻvelos SSR mecʻnierebatʻa akademia,</subfield>
         <subfield code="e">issuing body.</subfield>
      </datafield>
      <datafield tag="740" ind1="0" ind2=" ">
         <subfield code="a">Dasavletʻ Sakʻrtʻvelos mtʻianetʻis istoriisatʻvīs cinaklasobriv xanaši.</subfield>
      </datafield>
      <datafield tag="776" ind1="0" ind2="8">
         <subfield code="i">Online version:</subfield>
         <subfield code="a">Čʻartʻolani, Šotʻa.</subfield>
         <subfield code="t">K istorii nagorʹi͡a Zapadnoĭ Gruzii doklassovoĭ ėpokhi.</subfield>
         <subfield code="d">Tbilisi : "Met͡sniereba", 1989</subfield>
         <subfield code="w">(OCoLC)609923860</subfield>
      </datafield>
      <datafield tag="776" ind1="0" ind2="8">
         <subfield code="i">Online version:</subfield>
         <subfield code="a">Čʻartʻolani, Šotʻa.</subfield>
         <subfield code="t">K istorii nagorʹi͡a Zapadnoĭ Gruzii doklassovoĭ ėpokhi.</subfield>
         <subfield code="d">Tbilisi : "Met͡sniereba", 1989</subfield>
         <subfield code="w">(OCoLC)623778355</subfield>
      </datafield>
      <datafield tag="700" ind1="1" ind2=" ">
         <subfield code="a">Leskov, Aleksandr Mikhaĭlovich,</subfield>
         <subfield code="e">former owner.</subfield>
         <subfield code="5">NyNyUAW</subfield>
      </datafield>
      <datafield tag="740" ind1="0" ind2=" ">
         <subfield code="a">Leskov Collection.</subfield>
         <subfield code="5">NyNyUAW</subfield>
      </datafield>
      <datafield tag="880" ind1="1" ind2=" ">
         <subfield code="6">100-01/</subfield>
         <subfield code="a">Чартолани, Ш. Г.,</subfield>
         <subfield code="e">author.</subfield>
      </datafield>
      <datafield tag="880" ind1="1" ind2="0">
         <subfield code="6">245-02/</subfield>
         <subfield code="a">К истории нагорья Западной Грузии доклассовой эпохи /</subfield>
         <subfield code="c">Ш. Г. Чартолани.</subfield>
      </datafield>
      <datafield tag="880" ind1=" " ind2=" ">
         <subfield code="6">260-03/</subfield>
         <subfield code="a">Тбилиси :</subfield>
         <subfield code="b">"Мецниереба",</subfield>
         <subfield code="c">1989.</subfield>
      </datafield>
      <datafield tag="880" ind1=" " ind2=" ">
         <subfield code="6">500-04/</subfield>
         <subfield code="a">At head of title: Академия наук Грузинской СССР. Археологическая комиссия Грузии. Центр археологических исследований Института истории, археологии и этнографии им. И.А. Джавахишвили.</subfield>
      </datafield>
      <datafield tag="OWN" ind1=" " ind2=" ">
         <subfield code="a">GENERAL</subfield>
      </datafield>
      <datafield tag="AVA" ind1=" " ind2=" ">
         <subfield code="a">NYU50</subfield>
         <subfield code="b">NISAW</subfield>
         <subfield code="c">Small Collection</subfield>
         <subfield code="d">GN824.G4 C53 1989 Non-circulating</subfield>
         <subfield code="e">available</subfield>
         <subfield code="t">Available</subfield>
         <subfield code="f">1</subfield>
         <subfield code="g">0</subfield>
         <subfield code="h">N</subfield>
         <subfield code="i">0</subfield>
         <subfield code="j">SMALL</subfield>
         <subfield code="k">0</subfield>
      </datafield>
      <marc:datafield tag="852" ind1=" " ind2=" ">
         <marc:subfield code="b">Institute for the Study of the Ancient World, </marc:subfield>
         <marc:subfield code="c">Small Collection</marc:subfield>
         <marc:subfield code="e">15 East 84th St., </marc:subfield>
         <marc:subfield code="e">New York, NY  10028</marc:subfield>
      </marc:datafield>
   </record>