
  
  
  
  
  
  
  
  
  
  
  
  
  
 
  
  <record xsi:schemaLocation="http://www.loc.gov/MARC21/slim http://www.loc.gov/standards/marcxml/schema/MARC21slim.xsd">
      <leader>00000cam a22     Ii 4500</leader>
      <controlfield tag="FMT">BK</controlfield>
      <controlfield tag="LDR">00000cam a22     Ii 4500</controlfield>
      <controlfield tag="001">005065208</controlfield>
      <controlfield tag="005">20170724133743.0</controlfield>
      <controlfield tag="008">170512s2017    gw abef  b    101 0 ger d</controlfield>
      <datafield tag="020" ind1=" " ind2=" ">
         <subfield code="a">9783447107945</subfield>
      </datafield>
      <datafield tag="020" ind1=" " ind2=" ">
         <subfield code="a">3447107944</subfield>
      </datafield>
      <datafield tag="035" ind1=" " ind2=" ">
         <subfield code="a">(OCoLC)987372820</subfield>
         <subfield code="z">(OCoLC)975488223</subfield>
         <subfield code="z">(OCoLC)975928499</subfield>
         <subfield code="z">(OCoLC)976133943</subfield>
         <subfield code="z">(OCoLC)976240588</subfield>
         <subfield code="z">(OCoLC)978414262</subfield>
         <subfield code="z">(OCoLC)978750958</subfield>
         <subfield code="z">(OCoLC)979006693</subfield>
         <subfield code="z">(OCoLC)979315975</subfield>
         <subfield code="z">(OCoLC)979439467</subfield>
      </datafield>
      <datafield tag="040" ind1=" " ind2=" ">
         <subfield code="a">ERASA</subfield>
         <subfield code="b">eng</subfield>
         <subfield code="e">rda</subfield>
         <subfield code="c">ERASA</subfield>
         <subfield code="d">OCLCO</subfield>
         <subfield code="d">BTCTA</subfield>
         <subfield code="d">OHX</subfield>
         <subfield code="d">YDX</subfield>
         <subfield code="d">CGU</subfield>
         <subfield code="d">OCLCF</subfield>
         <subfield code="d">ZYU</subfield>
      </datafield>
      <datafield tag="041" ind1="0" ind2=" ">
         <subfield code="a">ger</subfield>
         <subfield code="a">fre</subfield>
      </datafield>
      <datafield tag="043" ind1=" " ind2=" ">
         <subfield code="a">f-ua---</subfield>
      </datafield>
      <datafield tag="050" ind1=" " ind2="4">
         <subfield code="a">BL2450.T43</subfield>
         <subfield code="b">A38 2017</subfield>
      </datafield>
      <datafield tag="079" ind1=" " ind2=" ">
         <subfield code="a">(OCoLC)987372820</subfield>
      </datafield>
      <datafield tag="082" ind1="0" ind2="4">
         <subfield code="a">932-933</subfield>
      </datafield>
      <datafield tag="245" ind1="0" ind2="4">
         <subfield code="a">Der ägyptische Tempel als ritueller Raum :</subfield>
         <subfield code="b">Theologie und Kult in ihrer architektonischen und ideellen Dimension : Akten der internationalen Tagung, Haus der Heidelberger Akademie der Wissenschaften. 9.-12. Juni 2015 /</subfield>
         <subfield code="c">herausgegeben von Stefan Baumann und Holger Kockelmann ; unter Mitarbeit von Emmanuel Jambon.</subfield>
      </datafield>
      <datafield tag="264" ind1=" " ind2="1">
         <subfield code="a">Wiesbaden :</subfield>
         <subfield code="b">Harrassowitz Verlag,</subfield>
         <subfield code="c">2017.</subfield>
      </datafield>
      <datafield tag="300" ind1=" " ind2=" ">
         <subfield code="a">ix, 584 pages, viii pages of plates :</subfield>
         <subfield code="b">illustrations (some color), map, plans (some color) ;</subfield>
         <subfield code="c">31 cm.</subfield>
      </datafield>
      <datafield tag="336" ind1=" " ind2=" ">
         <subfield code="a">text</subfield>
         <subfield code="2">rdacontent</subfield>
      </datafield>
      <datafield tag="337" ind1=" " ind2=" ">
         <subfield code="a">unmediated</subfield>
         <subfield code="2">rdamedia</subfield>
      </datafield>
      <datafield tag="338" ind1=" " ind2=" ">
         <subfield code="a">volume</subfield>
         <subfield code="2">rdacarrier</subfield>
      </datafield>
      <datafield tag="490" ind1="1" ind2=" ">
         <subfield code="a">Studien zur spätägyptischen Religion ;</subfield>
         <subfield code="v">Band 17</subfield>
      </datafield>
      <datafield tag="546" ind1=" " ind2=" ">
         <subfield code="a">In German and French.</subfield>
      </datafield>
      <datafield tag="504" ind1=" " ind2=" ">
         <subfield code="a">Includes bibliographical references and index.</subfield>
      </datafield>
      <datafield tag="520" ind1="8" ind2=" ">
         <subfield code="a">Tempel, Schrift, Bild, Ritual und Raum -- das sind Begrifflichkeiten, die in Ägypten aufs Engste zusammengehören. Nirgendwo sonst finden wir in der antiken Welt ein so eindrückliches und vielschichtiges Zusammenspiel von Architektur, Dekoration und Raumfunktion wie hier; insbesondere gilt dies für die Kultbauten der Ptolemäer- und Römerzeit.0019 Beiträge widmen sich verschiedenen Aspekten dieser rituellen Räume, die aus Texten und Darstellungen konstruiert sind und sich auf dem steinernen Gebäude materialisieren. Im Fokus stehen dabei die Leitlinien in der Architektur der späten Tempel, die übergeordneten Muster in der Anbringung bestimmter Dekorationsinhalte an bestimmten Stellen des Gebäudes, die Hintergründe für die Vernetzung von Texten, die Wechselbeziehung zwischen ritueller Praxis und Ausgestaltung der Kultarchitektur sowie Fallstudien zu den Gestaltungsprinzipien spezieller Räume. Überdies beschäftigen sich die Beiträge mit den möglichen Interferenzen zwischen den großen offiziellen Tempeln und der kultischen Praxis im ?privaten? rituellen Raum, der Einbindung von Elementen der 'sacred landscape' Ägyptens in die lokale Theologie und mit Aussagen über den Kultbau und seine Bestandteile aus Sicht der Ägypter.</subfield>
      </datafield>
      <datafield tag="650" ind1=" " ind2="0">
         <subfield code="a">Temples</subfield>
         <subfield code="z">Egypt</subfield>
         <subfield code="v">Congresses.</subfield>
      </datafield>
      <datafield tag="651" ind1=" " ind2="0">
         <subfield code="a">Egypt</subfield>
         <subfield code="x">Antiquities</subfield>
         <subfield code="v">Congresses.</subfield>
      </datafield>
      <datafield tag="651" ind1=" " ind2="0">
         <subfield code="a">Egypt</subfield>
         <subfield code="x">Religion</subfield>
         <subfield code="v">Congresses.</subfield>
      </datafield>
      <datafield tag="651" ind1=" " ind2="7">
         <subfield code="a">Aegyptus.</subfield>
         <subfield code="2">pleiades</subfield>
         <subfield code="0">https://pleiades.stoa.org/places/766</subfield>
         <subfield code="5">NyNyUAW</subfield>
      </datafield>
      <datafield tag="650" ind1=" " ind2="7">
         <subfield code="a">Antiquities.</subfield>
         <subfield code="2">fast</subfield>
         <subfield code="0">(OCoLC)fst00810745</subfield>
      </datafield>
      <datafield tag="650" ind1=" " ind2="7">
         <subfield code="a">Religion.</subfield>
         <subfield code="2">fast</subfield>
         <subfield code="0">(OCoLC)fst01093763</subfield>
      </datafield>
      <datafield tag="650" ind1=" " ind2="7">
         <subfield code="a">Temples.</subfield>
         <subfield code="2">fast</subfield>
         <subfield code="0">(OCoLC)fst01147397</subfield>
      </datafield>
      <datafield tag="651" ind1=" " ind2="7">
         <subfield code="a">Egypt.</subfield>
         <subfield code="2">fast</subfield>
         <subfield code="0">(OCoLC)fst01208755</subfield>
      </datafield>
      <datafield tag="655" ind1=" " ind2="7">
         <subfield code="a">Conference papers and proceedings.</subfield>
         <subfield code="2">fast</subfield>
         <subfield code="0">(OCoLC)fst01423772</subfield>
      </datafield>
      <datafield tag="700" ind1="1" ind2=" ">
         <subfield code="a">Baumann, Stefan</subfield>
         <subfield code="c">(Illustrator of Egyptian temples),</subfield>
         <subfield code="e">editor.</subfield>
      </datafield>
      <datafield tag="700" ind1="1" ind2=" ">
         <subfield code="a">Kockelmann, Holger,</subfield>
         <subfield code="e">editor.</subfield>
      </datafield>
      <datafield tag="830" ind1=" " ind2="0">
         <subfield code="a">Studien zur spätägyptischen Religion ;</subfield>
         <subfield code="v">17.</subfield>
      </datafield>
      <datafield tag="OWN" ind1=" " ind2=" ">
         <subfield code="a">GENERAL</subfield>
      </datafield>
      <datafield tag="AVA" ind1=" " ind2=" ">
         <subfield code="a">NYU50</subfield>
         <subfield code="b">NISAW</subfield>
         <subfield code="c">Large Collection</subfield>
         <subfield code="d">BL2450.T43 A38 2017 Non-circulating</subfield>
         <subfield code="e">available</subfield>
         <subfield code="t">Available</subfield>
         <subfield code="f">1</subfield>
         <subfield code="g">0</subfield>
         <subfield code="h">N</subfield>
         <subfield code="i">0</subfield>
         <subfield code="j">LARGE</subfield>
         <subfield code="k">0</subfield>
      </datafield>
      <marc:datafield tag="852" ind1=" " ind2=" ">
         <marc:subfield code="b">Institute for the Study of the Ancient World, </marc:subfield>
         <marc:subfield code="c">Large Collection</marc:subfield>
         <marc:subfield code="e">15 East 84th St., </marc:subfield>
         <marc:subfield code="e">New York, NY  10028</marc:subfield>
      </marc:datafield>
   </record>