
  
  
  
  
  
  
  
  
  
  
  
 
  
  <record xsi:schemaLocation="http://www.loc.gov/MARC21/slim http://www.loc.gov/standards/marcxml/schema/MARC21slim.xsd">
      <leader>00000cam a2200457 i 4500</leader>
      <controlfield tag="FMT">BK</controlfield>
      <controlfield tag="LDR">00000cam a2200457 i 4500</controlfield>
      <controlfield tag="001">005064922</controlfield>
      <controlfield tag="003">OCoLC</controlfield>
      <controlfield tag="005">20170724134808.0</controlfield>
      <controlfield tag="008">170512s2017    pl a     b    101 0 eng c</controlfield>
      <datafield tag="020" ind1=" " ind2=" ">
         <subfield code="a">9788394684808</subfield>
         <subfield code="q">(hd.bd.)</subfield>
      </datafield>
      <datafield tag="020" ind1=" " ind2=" ">
         <subfield code="a">8394684807</subfield>
         <subfield code="q">(hd.bd.)</subfield>
      </datafield>
      <datafield tag="024" ind1="3" ind2=" ">
         <subfield code="a">9788394684808</subfield>
      </datafield>
      <datafield tag="035" ind1=" " ind2=" ">
         <subfield code="a">(OCoLC)987197503</subfield>
         <subfield code="z">(OCoLC)986901335</subfield>
      </datafield>
      <datafield tag="040" ind1=" " ind2=" ">
         <subfield code="a">OHX</subfield>
         <subfield code="b">eng</subfield>
         <subfield code="e">rda</subfield>
         <subfield code="c">OHX</subfield>
         <subfield code="d">YDX</subfield>
         <subfield code="d">CDX</subfield>
         <subfield code="d">UBY</subfield>
         <subfield code="d">ZYU</subfield>
      </datafield>
      <datafield tag="042" ind1=" " ind2=" ">
         <subfield code="a">pcc</subfield>
      </datafield>
      <datafield tag="043" ind1=" " ind2=" ">
         <subfield code="a">mm-----</subfield>
      </datafield>
      <datafield tag="050" ind1=" " ind2="4">
         <subfield code="a">DE8</subfield>
         <subfield code="b">.F73 2017</subfield>
      </datafield>
      <datafield tag="072" ind1=" " ind2="7">
         <subfield code="a">PA</subfield>
         <subfield code="2">lcco</subfield>
      </datafield>
      <datafield tag="079" ind1=" " ind2=" ">
         <subfield code="a">(OCoLC)987197503</subfield>
      </datafield>
      <datafield tag="245" ind1="0" ind2="0">
         <subfield code="a">Fragments, holes, and wholes :</subfield>
         <subfield code="b">reconstructing the ancient world in theory and practice /</subfield>
         <subfield code="c">edited by Tomasz Derda, Jennifer Hilder, Jan Kwapisz.</subfield>
      </datafield>
      <datafield tag="264" ind1=" " ind2="1">
         <subfield code="a">Warsaw :</subfield>
         <subfield code="b">Faculty of Law and Administration of the University of Warsaw :</subfield>
         <subfield code="b">The Institute of Archaeology of the University of Warsaw :</subfield>
         <subfield code="b">Fundacja im. Rafała Taubenschlaga,</subfield>
         <subfield code="c">2017.</subfield>
      </datafield>
      <datafield tag="300" ind1=" " ind2=" ">
         <subfield code="a">xv, 409 pages :</subfield>
         <subfield code="b">illustrations (some color) ;</subfield>
         <subfield code="c">24 cm.</subfield>
      </datafield>
      <datafield tag="336" ind1=" " ind2=" ">
         <subfield code="a">text</subfield>
         <subfield code="b">txt</subfield>
         <subfield code="2">rdacontent</subfield>
      </datafield>
      <datafield tag="337" ind1=" " ind2=" ">
         <subfield code="a">unmediated</subfield>
         <subfield code="b">n</subfield>
         <subfield code="2">rdamedia</subfield>
      </datafield>
      <datafield tag="338" ind1=" " ind2=" ">
         <subfield code="a">volume</subfield>
         <subfield code="b">nc</subfield>
         <subfield code="2">rdacarrier</subfield>
      </datafield>
      <datafield tag="490" ind1="1" ind2=" ">
         <subfield code="a">Journal of juristic papayrology. Supplement,</subfield>
         <subfield code="x">0075-4277 ;</subfield>
         <subfield code="v">volume XXX</subfield>
      </datafield>
      <datafield tag="500" ind1=" " ind2=" ">
         <subfield code="a">International conference proceedings.</subfield>
      </datafield>
      <datafield tag="500" ind1=" " ind2=" ">
         <subfield code="a">Includes bibliographical references and index.</subfield>
      </datafield>
      <datafield tag="500" ind1=" " ind2=" ">
         <subfield code="a">"This book stems from the international conference Frgments, Holes, and Wholes : reconstructing the Ancient World in Theory and Practice (Warsaw, 12-14 June 2014), which was organized by the Committee on Ancient Culture of the Polish Academy of Sciences, the Institute of Classical Studies of the Unviersity of Warsaw, The Institute of Archaeology of the University of Warsaw, and the Institute of Classical Studies of Adam Mickiewicz University in Poznań."--Page viii.</subfield>
      </datafield>
      <datafield tag="505" ind1="0" ind2="0">
         <subfield code="g">Introduction.</subfield>
         <subfield code="t">Fun from fragments /</subfield>
         <subfield code="r">Jan Kwapiez.</subfield>
         <subfield code="g">Part 1.</subfield>
         <subfield code="t">Prolegomena to fragmentology.</subfield>
         <subfield code="t">Reconstructing the pre-ancient world in theory and practice /</subfield>
         <subfield code="r">Joshua T. Katz --</subfield>
         <subfield code="t">Fragmentary evidence and the whole of history /</subfield>
         <subfield code="r">Hans-Joachim Gehrke --</subfield>
         <subfield code="t">From pieces to pictures /</subfield>
         <subfield code="r">Annette Harder.</subfield>
         <subfield code="g">Part 2.</subfield>
         <subfield code="t">From fragments to contexts.</subfield>
         <subfield code="t">Slim pickings and Russian dolls? : presocratic fragments in Peripatetic sources after Aristotle /</subfield>
         <subfield code="r">Han Baltussen --</subfield>
         <subfield code="t">Hecataeus Milesius : a textual approach to selected fragments of the genalogies /</subfield>
         <subfield code="r">Ilaria Andolfi --</subfield>
         <subfield code="t">Reconstructing lost prose literature : the fragments of Dicaearchus /</subfield>
         <subfield code="r">Gertjan Verhasselt --</subfield>
         <subfield code="t">Some unattributed fragments of Eupolis : problems and possibilities /</subfield>
         <subfield code="r">S. Douglas Olson.</subfield>
         <subfield code="g">Part 3.</subfield>
         <subfield code="t">From contexts to fragments.</subfield>
         <subfield code="t">How to make fragments : Maximus Tyrius' Sappho /</subfield>
         <subfield code="r">Renate Schlesier --</subfield>
         <subfield code="t">Facts, fragments and fiction : Plutarch's Solon /</subfield>
         <subfield code="r">Eran Almagor --</subfield>
         <subfield code="t">Sulla in the contio : an oratorical episode in pieces /</subfield>
      </datafield>
      <datafield tag="505" ind1="0" ind2="0">
         <subfield code="9"/>
         <subfield code="r">Henriette van der Blom.</subfield>
         <subfield code="g">Part 4.</subfield>
         <subfield code="t">Fragments themselves.</subfield>
         <subfield code="t">Fragments of a female lovers' discourse : inconsistent discourse or consistente text? : the Fragmentum Grenfellianum (P. Dryton 50) /</subfield>
         <subfield code="r">Christophe Cusset &amp; Antje Kolde --</subfield>
         <subfield code="t">Fragments, wholes, and missing ends? : the Carmina Einsidlensia and the question of bucolic closure /</subfield>
         <subfield code="r">Martin Stöckinger --</subfield>
         <subfield code="t">Rethinking the fragmentary (w)hole in archaeology : a microscopic paradigm for understanding macroscopic problems /</subfield>
         <subfield code="r">Victor M. Martínez.</subfield>
         <subfield code="g">Part 5.</subfield>
         <subfield code="t">Fragments of grand discourses.</subfield>
         <subfield code="t">Collecting the dismembered past : the interplay between the whole and fragments in the reconstructino of Orphism /</subfield>
         <subfield code="r">Lech Trzcionkowski --</subfield>
         <subfield code="t">Technology, performance, loss : reconstructing Andreas of Carystus' surgical machine /</subfield>
         <subfield code="r">Marquis Berrey --</subfield>
         <subfield code="t">Making wholes : using exemplary fragments in the Rhetorica ad Herennium /</subfield>
         <subfield code="r">Jennifer M. Hilder.</subfield>
         <subfield code="g">Part 6.</subfield>
         <subfield code="t">Fragmentologists at work.</subfield>
         <subfield code="t">Epic fragments on Theseus : Hesiod, Cercops, and the Theseis /</subfield>
      </datafield>
      <datafield tag="505" ind1="0" ind2="0">
         <subfield code="9"/>
         <subfield code="r">Ettore Cingano --</subfield>
         <subfield code="t">Reconstructing Greek lyric poetry from papyrus fragments : the case of P. Oxy. 32.2624 (choral lyric) /</subfield>
         <subfield code="r">Giuseppe Ucciardello --</subfield>
         <subfield code="t">Hole or whole? : a cemetery from the Ptolemaic period in Saqqara /</subfield>
         <subfield code="r">Karol Myśliwiec.</subfield>
         <subfield code="g">Epilogue.</subfield>
         <subfield code="t">A conversation on fragments /</subfield>
         <subfield code="r">Han Baltussen &amp; S. Douglas Olson.</subfield>
      </datafield>
      <datafield tag="650" ind1=" " ind2="0">
         <subfield code="a">Manuscript fragments.</subfield>
      </datafield>
      <datafield tag="650" ind1=" " ind2="0">
         <subfield code="a">Criticism, Textual.</subfield>
      </datafield>
      <datafield tag="650" ind1=" " ind2="0">
         <subfield code="a">Archaeology and history</subfield>
         <subfield code="z">Mediterranean Region.</subfield>
      </datafield>
      <datafield tag="651" ind1=" " ind2="0">
         <subfield code="a">Mediterranean Region</subfield>
         <subfield code="x">Historiography.</subfield>
      </datafield>
      <datafield tag="650" ind1=" " ind2="0">
         <subfield code="a">Manuscripts (Papyri)</subfield>
      </datafield>
      <datafield tag="700" ind1="1" ind2=" ">
         <subfield code="a">Derda, Tomasz,</subfield>
         <subfield code="e">editor.</subfield>
      </datafield>
      <datafield tag="700" ind1="1" ind2=" ">
         <subfield code="a">Hilder, Jennifer,</subfield>
         <subfield code="e">editor.</subfield>
      </datafield>
      <datafield tag="700" ind1="1" ind2=" ">
         <subfield code="a">Kwapisz, Jan,</subfield>
         <subfield code="e">editor.</subfield>
      </datafield>
      <datafield tag="830" ind1=" " ind2="0">
         <subfield code="a">Journal of juristic papyrology.</subfield>
         <subfield code="p">Supplement ;</subfield>
         <subfield code="v">v.30.</subfield>
      </datafield>
      <datafield tag="OWN" ind1=" " ind2=" ">
         <subfield code="a">GENERAL</subfield>
      </datafield>
      <datafield tag="AVA" ind1=" " ind2=" ">
         <subfield code="a">NYU50</subfield>
         <subfield code="b">NISAW</subfield>
         <subfield code="c">Small Collection</subfield>
         <subfield code="d">DE8 .F73 2017 Non-circulating</subfield>
         <subfield code="e">available</subfield>
         <subfield code="t">Available</subfield>
         <subfield code="f">1</subfield>
         <subfield code="g">0</subfield>
         <subfield code="h">N</subfield>
         <subfield code="i">0</subfield>
         <subfield code="j">SMALL</subfield>
         <subfield code="k">0</subfield>
      </datafield>
      <marc:datafield tag="852" ind1=" " ind2=" ">
         <marc:subfield code="b">Institute for the Study of the Ancient World, </marc:subfield>
         <marc:subfield code="c">Small Collection</marc:subfield>
         <marc:subfield code="e">15 East 84th St., </marc:subfield>
         <marc:subfield code="e">New York, NY  10028</marc:subfield>
      </marc:datafield>
   </record>