
  
  
  
  
  
  
  
  
  
  
 
  
  <record xsi:schemaLocation="http://www.loc.gov/MARC21/slim http://www.loc.gov/standards/marcxml/schema/MARC21slim.xsd">
      <leader>00000cam a2200433Ii 4500</leader>
      <controlfield tag="FMT">BK</controlfield>
      <controlfield tag="LDR">00000cam a2200433Ii 4500</controlfield>
      <controlfield tag="001">005065400</controlfield>
      <controlfield tag="003">OCoLC</controlfield>
      <controlfield tag="005">20170801092438.0</controlfield>
      <controlfield tag="008">170511s2016    fr ab    b    010 0 eng d</controlfield>
      <datafield tag="020" ind1=" " ind2=" ">
         <subfield code="a">9782374660042 (pbk.)</subfield>
      </datafield>
      <datafield tag="020" ind1=" " ind2=" ">
         <subfield code="a">2374660044 (pbk.)</subfield>
      </datafield>
      <datafield tag="035" ind1=" " ind2=" ">
         <subfield code="a">(OCoLC)990248005</subfield>
         <subfield code="z">(OCoLC)989906534</subfield>
      </datafield>
      <datafield tag="040" ind1=" " ind2=" ">
         <subfield code="a">HLS</subfield>
         <subfield code="b">eng</subfield>
         <subfield code="e">rda</subfield>
         <subfield code="c">HLS</subfield>
         <subfield code="d">OCLCO</subfield>
         <subfield code="d">OCLCF</subfield>
         <subfield code="d">ZYU</subfield>
      </datafield>
      <datafield tag="041" ind1="0" ind2=" ">
         <subfield code="a">fre</subfield>
         <subfield code="a">eng</subfield>
         <subfield code="a">ger</subfield>
      </datafield>
      <datafield tag="043" ind1=" " ind2=" ">
         <subfield code="a">aw-----</subfield>
      </datafield>
      <datafield tag="050" ind1=" " ind2="4">
         <subfield code="a">DS56</subfield>
         <subfield code="b">.A625 2016</subfield>
      </datafield>
      <datafield tag="079" ind1=" " ind2=" ">
         <subfield code="a">(OCoLC)990248005</subfield>
      </datafield>
      <datafield tag="245" ind1="0" ind2="0">
         <subfield code="a">Alphabets, texts and artifacts in the Ancient Near East :</subfield>
         <subfield code="b">studies presented to Benjamin Sass /</subfield>
         <subfield code="c">edited by Israel Finkelstein, Christian Robin, Thomas Römer.</subfield>
      </datafield>
      <datafield tag="264" ind1=" " ind2="1">
         <subfield code="a">Paris :</subfield>
         <subfield code="b">Van Dieren éditeur,</subfield>
         <subfield code="c">2016.</subfield>
      </datafield>
      <datafield tag="300" ind1=" " ind2=" ">
         <subfield code="a">565 pages :</subfield>
         <subfield code="b">illustrations, maps ;</subfield>
         <subfield code="c">23 cm</subfield>
      </datafield>
      <datafield tag="336" ind1=" " ind2=" ">
         <subfield code="a">text</subfield>
         <subfield code="b">txt</subfield>
         <subfield code="2">rdacontent</subfield>
      </datafield>
      <datafield tag="337" ind1=" " ind2=" ">
         <subfield code="a">unmediated</subfield>
         <subfield code="b">n</subfield>
         <subfield code="2">rdamedia</subfield>
      </datafield>
      <datafield tag="338" ind1=" " ind2=" ">
         <subfield code="a">volume</subfield>
         <subfield code="b">nc</subfield>
         <subfield code="2">rdacarrier</subfield>
      </datafield>
      <datafield tag="504" ind1=" " ind2=" ">
         <subfield code="a">Includes bibliographical references (pages 563-565).</subfield>
      </datafield>
      <datafield tag="505" ind1="0" ind2="0">
         <subfield code="t">New Life, New Skills and New Friends in Exile : The Loss and Rise of Capitals of the Judeans in Babylonia /</subfield>
         <subfield code="r">Angelika Berlejung --</subfield>
         <subfield code="t">Rakib'il and "Kubaba of Aram" at Ördekburnu and Zincirli and New Observations on Kubaba at Zincirli, Carchemish and Ugarit /</subfield>
         <subfield code="r">Baruch Brandl --</subfield>
         <subfield code="t">A New Perspective on the Ivory Pyxis from the Fosse Temple at Lachish /</subfield>
         <subfield code="r">Osnat Misch-Brandl --</subfield>
         <subfield code="t">Inscriptions de prestige et écriture du quotidien : le corpus épigraphique en hébreu ancien au miroir de son contexte ouest-sémitique /</subfield>
         <subfield code="r">Françoise Briquel-Chatonnet --</subfield>
         <subfield code="t">Was There a "Greek Renaissance" in 7th Century BCE Philistia? /</subfield>
         <subfield code="r">Alexander Fantalkin --</subfield>
         <subfield code="t">Historical-Geographical Observations on the Ehud-Eglon Tale in Judges /</subfield>
         <subfield code="r">Israel Finkelstein --</subfield>
         <subfield code="t">Un gobelet à libation de l'Arabie du Sud /</subfield>
         <subfield code="r">Iwona Gajda --</subfield>
         <subfield code="t">From the Iconic to the Linear : The Egyptian Scribes of Lachish and the Modification of the Early Alphabet in the Late Bronze Age /</subfield>
         <subfield code="r">Orly Goldwasser --</subfield>
      </datafield>
      <datafield tag="505" ind1="0" ind2="0">
         <subfield code="9"/>
         <subfield code="t">The Life and Times of an Ivory Handle of the Second Millennium BCE : A Tale of Prestige and Demise /</subfield>
         <subfield code="r">David Ilan --</subfield>
         <subfield code="t">Unheilige "Heilige Schriften" /</subfield>
         <subfield code="r">Othmar Keel --</subfield>
         <subfield code="t">Israelite Inscriptions Published as Moabite /</subfield>
         <subfield code="r">Axel E. Knauf --</subfield>
         <subfield code="t">The Kuntillet 'Ajrud Inscriptions Forty Years After Their Discovery /</subfield>
         <subfield code="r">André Lemaire --</subfield>
         <subfield code="t">"And the Canaanite was then in the Land"? A Critical View of the "Canaanite Enclave" in Iron I Southern Canaan /</subfield>
         <subfield code="r">Aren M. Maeir and Louise A. Hitchcock --</subfield>
         <subfield code="t">Betrifft : Letternstempel /</subfield>
         <subfield code="r">Joachim Marzahn --</subfield>
         <subfield code="t">Putting the Seal on Ma'adana : A Case of Forgery and Its Ramifications /</subfield>
         <subfield code="r">Yossi Maurey and Amir S. Fink --</subfield>
         <subfield code="t">Ancient Hebrew Inscriptions : Their Distribution and Significance /</subfield>
         <subfield code="r">Alan Millard --</subfield>
         <subfield code="t">The Beloved, Ne'ehevet, and Other Does : Reflections on the Motif of Grazing or Browsing Wild Horned Animals /</subfield>
         <subfield code="r">Tallay Ornan --</subfield>
         <subfield code="t">The Jerusalem Market in the Late Second Temple Period /</subfield>
         <subfield code="r">Ronny Reich --</subfield>
         <subfield code="t">L'alphabet de Himà (Arabie séoudite) /</subfield>
      </datafield>
      <datafield tag="505" ind1="0" ind2="0">
         <subfield code="9"/>
         <subfield code="r">Christian Julien Robin and Maria Gorea --</subfield>
         <subfield code="t">The Equation of Biblical Pharaoh "Shishak" with Pharaoh Ramesses II : A Philological and Epigraphic Dismantling of Egyptologist David Rohl's Proposal /</subfield>
         <subfield code="r">Christopher Rollston --</subfield>
         <subfield code="t">L'énigme de 'Ashtar-Kemosh dans la stèle de Mesha /</subfield>
         <subfield code="r">Thomas Römer --</subfield>
         <subfield code="t">A View from the Bridge : Notes About the Assyrian Empire Economic System, as Seen from Tell Masaikh (Lower Syrian Middle Euphrates Valley) /</subfield>
         <subfield code="r">Maria Grazia Masetti-Rouault and Olivier Rouault --</subfield>
         <subfield code="t">Ceremonial and Ritual Maces in the Temples of the Ancient Near East, and the Nature of the Hoard from Nahal Mishmar /</subfield>
         <subfield code="r">Michael Sebbane --</subfield>
         <subfield code="t">Facsimile Creation : Review of Algorithmic Approaches /</subfield>
         <subfield code="r">Arie Shaus [and 5 others] --</subfield>
         <subfield code="t">Learning by Doing : Distinguishing Different Hands at Work in the Drawings and Paintings of Kuntillet 'Ajrud /</subfield>
         <subfield code="r">Christoph Uehlinger --</subfield>
         <subfield code="t">Das Uruk-Kultgefäss aus technischer Sicht /</subfield>
         <subfield code="r">Ralf-B. Wartke --</subfield>
         <subfield code="t">Neo- and Late-Babylonian Notes /</subfield>
         <subfield code="r">Ran Zadok.</subfield>
      </datafield>
      <datafield tag="546" ind1=" " ind2=" ">
         <subfield code="a">Contributions in French, English, and German.</subfield>
      </datafield>
      <datafield tag="650" ind1=" " ind2="0">
         <subfield code="a">Written communication</subfield>
         <subfield code="z">Middle East</subfield>
         <subfield code="x">History.</subfield>
      </datafield>
      <datafield tag="651" ind1=" " ind2="0">
         <subfield code="a">Middle East</subfield>
         <subfield code="x">Civilization</subfield>
         <subfield code="y">To 622.</subfield>
      </datafield>
      <datafield tag="651" ind1=" " ind2="0">
         <subfield code="a">Middle East</subfield>
         <subfield code="x">Antiquities.</subfield>
      </datafield>
      <datafield tag="650" ind1=" " ind2="7">
         <subfield code="a">Antiquities.</subfield>
         <subfield code="2">fast</subfield>
         <subfield code="0">(OCoLC)fst00810745</subfield>
      </datafield>
      <datafield tag="650" ind1=" " ind2="7">
         <subfield code="a">Written communication.</subfield>
         <subfield code="2">fast</subfield>
         <subfield code="0">(OCoLC)fst01181697</subfield>
      </datafield>
      <datafield tag="651" ind1=" " ind2="7">
         <subfield code="a">Middle East.</subfield>
         <subfield code="2">fast</subfield>
         <subfield code="0">(OCoLC)fst01241586</subfield>
      </datafield>
      <datafield tag="655" ind1=" " ind2="7">
         <subfield code="a">History.</subfield>
         <subfield code="2">fast</subfield>
         <subfield code="0">(OCoLC)fst01411628</subfield>
      </datafield>
      <datafield tag="700" ind1="1" ind2=" ">
         <subfield code="a">Sass, Benjamin,</subfield>
         <subfield code="e">honouree.</subfield>
      </datafield>
      <datafield tag="700" ind1="1" ind2=" ">
         <subfield code="a">Finkelstein, Israel,</subfield>
         <subfield code="e">editor.</subfield>
      </datafield>
      <datafield tag="700" ind1="1" ind2=" ">
         <subfield code="a">Robin, Christian,</subfield>
         <subfield code="e">editor.</subfield>
      </datafield>
      <datafield tag="700" ind1="1" ind2=" ">
         <subfield code="a">Romer, Thomas,</subfield>
         <subfield code="e">editor.</subfield>
      </datafield>
      <datafield tag="OWN" ind1=" " ind2=" ">
         <subfield code="a">GENERAL</subfield>
      </datafield>
      <datafield tag="AVA" ind1=" " ind2=" ">
         <subfield code="a">NYU50</subfield>
         <subfield code="b">NISAW</subfield>
         <subfield code="c">Small Collection</subfield>
         <subfield code="d">DS56 .A625 2016 Non-circulating</subfield>
         <subfield code="e">available</subfield>
         <subfield code="t">Available</subfield>
         <subfield code="f">1</subfield>
         <subfield code="g">0</subfield>
         <subfield code="h">N</subfield>
         <subfield code="i">0</subfield>
         <subfield code="j">SMALL</subfield>
         <subfield code="k">0</subfield>
      </datafield>
      <marc:datafield tag="852" ind1=" " ind2=" ">
         <marc:subfield code="b">Institute for the Study of the Ancient World, </marc:subfield>
         <marc:subfield code="c">Small Collection</marc:subfield>
         <marc:subfield code="e">15 East 84th St., </marc:subfield>
         <marc:subfield code="e">New York, NY  10028</marc:subfield>
      </marc:datafield>
   </record>