
  
  
  
  
  
  
  
  
  
  
  
 
  
  <record xsi:schemaLocation="http://www.loc.gov/MARC21/slim http://www.loc.gov/standards/marcxml/schema/MARC21slim.xsd">
      <leader>00000cam a2200673 i 4500</leader>
      <controlfield tag="FMT">BK</controlfield>
      <controlfield tag="LDR">00000cam a2200673 i 4500</controlfield>
      <controlfield tag="001">004023461</controlfield>
      <controlfield tag="003">OCoLC</controlfield>
      <controlfield tag="005">20170731130429.0</controlfield>
      <controlfield tag="008">140418s2014    inuab    b    100 0 eng</controlfield>
      <datafield tag="010" ind1=" " ind2=" ">
         <subfield code="a">2014014916</subfield>
      </datafield>
      <datafield tag="020" ind1=" " ind2=" ">
         <subfield code="a">9781575062549</subfield>
         <subfield code="q">(hardback ;</subfield>
         <subfield code="q">alkaline paper)</subfield>
      </datafield>
      <datafield tag="020" ind1=" " ind2=" ">
         <subfield code="a">1575062542</subfield>
         <subfield code="q">(hardback ;</subfield>
         <subfield code="q">alkaline paper)</subfield>
      </datafield>
      <datafield tag="024" ind1="8" ind2=" ">
         <subfield code="a">40023904638</subfield>
      </datafield>
      <datafield tag="035" ind1="7" ind2=" ">
         <subfield code="a">ybp9435284</subfield>
      </datafield>
      <datafield tag="035" ind1=" " ind2=" ">
         <subfield code="a">(OCoLC)878050964</subfield>
      </datafield>
      <datafield tag="040" ind1=" " ind2=" ">
         <subfield code="a">DLC</subfield>
         <subfield code="b">eng</subfield>
         <subfield code="e">rda</subfield>
         <subfield code="c">DLC</subfield>
         <subfield code="d">YDX</subfield>
         <subfield code="d">YDXCP</subfield>
         <subfield code="d">CFT</subfield>
         <subfield code="d">OCLCF</subfield>
         <subfield code="d">YUS</subfield>
         <subfield code="d">CHVBK</subfield>
         <subfield code="d">ZWZ</subfield>
         <subfield code="d">OCLCQ</subfield>
         <subfield code="d">OCLCA</subfield>
         <subfield code="d">ZYU</subfield>
      </datafield>
      <datafield tag="041" ind1="0" ind2=" ">
         <subfield code="a">eng</subfield>
         <subfield code="a">fre</subfield>
         <subfield code="a">ger</subfield>
      </datafield>
      <datafield tag="042" ind1=" " ind2=" ">
         <subfield code="a">pcc</subfield>
      </datafield>
      <datafield tag="043" ind1=" " ind2=" ">
         <subfield code="a">aw-----</subfield>
      </datafield>
      <datafield tag="050" ind1="0" ind2="0">
         <subfield code="a">DS56</subfield>
         <subfield code="b">.R46 2009</subfield>
      </datafield>
      <datafield tag="079" ind1=" " ind2=" ">
         <subfield code="a">(OCoLC)878050964</subfield>
      </datafield>
      <datafield tag="082" ind1="0" ind2="0">
         <subfield code="a">306.850935</subfield>
         <subfield code="2">23</subfield>
      </datafield>
      <datafield tag="111" ind1="2" ind2=" ">
         <subfield code="a">Rencontre assyriologique internationale</subfield>
         <subfield code="n">(55th :</subfield>
         <subfield code="d">2009 :</subfield>
         <subfield code="c">Paris, France)</subfield>
      </datafield>
      <datafield tag="245" ind1="1" ind2="3">
         <subfield code="a">La famille dans le Proche-Orient ancien :</subfield>
         <subfield code="b">réalités, symbolismes, et images : proceedings of the 55th Rencontre assyriologique internationale at Paris, 6-9 July 2009 /</subfield>
         <subfield code="c">edited by Lionel Marti.</subfield>
      </datafield>
      <datafield tag="264" ind1=" " ind2="1">
         <subfield code="a">Winona Lake, Indiana :</subfield>
         <subfield code="b">Eisenbrauns,</subfield>
         <subfield code="c">2014.</subfield>
      </datafield>
      <datafield tag="300" ind1=" " ind2=" ">
         <subfield code="a">xviii, 788 pages :</subfield>
         <subfield code="b">illustrations, maps ;</subfield>
         <subfield code="c">26 cm</subfield>
      </datafield>
      <datafield tag="336" ind1=" " ind2=" ">
         <subfield code="a">text</subfield>
         <subfield code="b">txt</subfield>
         <subfield code="2">rdacontent</subfield>
      </datafield>
      <datafield tag="337" ind1=" " ind2=" ">
         <subfield code="a">unmediated</subfield>
         <subfield code="b">n</subfield>
         <subfield code="2">rdamedia</subfield>
      </datafield>
      <datafield tag="338" ind1=" " ind2=" ">
         <subfield code="a">volume</subfield>
         <subfield code="b">nc</subfield>
         <subfield code="2">rdacarrier</subfield>
      </datafield>
      <datafield tag="504" ind1=" " ind2=" ">
         <subfield code="a">Includes bibliographical references.</subfield>
      </datafield>
      <datafield tag="505" ind1="0" ind2="0">
         <subfield code="t">Conception de la famille, réalités humaines et divines : les mots et les choses.</subfield>
         <subfield code="t">Famille élargie ou famille nucléaire? Problèmes de démographie antique /</subfield>
         <subfield code="r">Laura Battini --</subfield>
         <subfield code="t">Belief in Family Reunion in the Afterlife in the Ancient Near East and Mediterranean /</subfield>
         <subfield code="r">Nikita Artemov --</subfield>
         <subfield code="t">The Old-Babylonian Family Cult and Its Projection on the Ground : A Cross-Disciplinary Investigation /</subfield>
         <subfield code="r">Sara Tricoli --</subfield>
         <subfield code="t">The Social Family Unit in the Light of Bronze Age Burial Customs in the Near East : An Intertextual Approach /</subfield>
         <subfield code="r">Monica Bouso --</subfield>
         <subfield code="t">Les termes sémitiques de parenté dans les sources cunéiformes : L'apport de l'étymologie /</subfield>
         <subfield code="r">Leonid Kogan --</subfield>
         <subfield code="t">Les Relations Parents-Enfants dans la Mythologie Mésopotamienne /</subfield>
         <subfield code="r">Aurélien Le Maillot --</subfield>
         <subfield code="t">Fathers and Sons in Syro-Mesopotamian Pantheons : Problems of Identity and Succession in Cuneiform Traditions /</subfield>
         <subfield code="r">Maria Grazia Masetti-Rouault --</subfield>
         <subfield code="t">Die Familie des Gottes Aššur /</subfield>
         <subfield code="r">Wiebke Meinhold --</subfield>
      </datafield>
      <datafield tag="505" ind1="0" ind2="0">
         <subfield code="9"/>
         <subfield code="t">The Astral Family in Kassite Kudurrus Reliefs : Iconographical and Iconological Study of Sîn, Šamaš and Ištar Astral Representations /</subfield>
         <subfield code="r">Sara Pizzimenti --</subfield>
         <subfield code="t">"Semence ignée" : pahhursis et warwalan en hittite /</subfield>
         <subfield code="r">Jaan Puhvel.</subfield>
         <subfield code="t">IIIe millénaire.</subfield>
         <subfield code="t">Cherchez la femme : The SAL Sign in Proto-Cuneiform Writing /</subfield>
         <subfield code="r">Petr Charvát --</subfield>
         <subfield code="t">Urnanshe's Family and the Evolution of Its Inside Relationships as Shown by Images /</subfield>
         <subfield code="r">Licia Romano --</subfield>
         <subfield code="t">The Ebla Families /</subfield>
         <subfield code="r">Rita Dolce --</subfield>
         <subfield code="t">Muliebris imago : reines, princesses et prêtresses à Ebla /</subfield>
         <subfield code="r">Paolo Matthiae --</subfield>
         <subfield code="t">Family Portraits : Some Considerations on the Iconographical Motif of the "Woman with Child" in the art of the Third Millennium B.C.E. /</subfield>
         <subfield code="r">Davide Nadali.</subfield>
         <subfield code="t">Ier moitié du IIe millenaire.</subfield>
         <subfield code="t">Family Daily Life at Tell Mardikh-Ebla (Syria) during the Middle Bronze Age : A Functional Analysis of Three Houses in the Southern Lower Town (Area B East) /</subfield>
         <subfield code="r">Enrico Ascalone, Luca Peyronel, Gilberta Spreafico --</subfield>
      </datafield>
      <datafield tag="505" ind1="0" ind2="0">
         <subfield code="9"/>
         <subfield code="t">To Dedicate or Marry a Nadîtu-Woman of Marduk in Old Babylonian Society /</subfield>
         <subfield code="r">Lucile Barberon --</subfield>
         <subfield code="t">Why Are Two Royal Female Members Given to the Same Man? /</subfield>
         <subfield code="r">Daniel Bodi --</subfield>
         <subfield code="t">Awīlum and Muškēnum in the Age of Hammurabi /</subfield>
         <subfield code="r">Eva von Dassow --</subfield>
         <subfield code="t">Les activités de Gimillum, frère de Balmunamḫe : Une gestion familiale des ressources agricoles et animales à Larsa au temps de Rīm-Sîn /</subfield>
         <subfield code="r">Michèle Maggio --</subfield>
         <subfield code="t">Famille et transmission du patrimoine à Larsa : Une approche anthropologique /</subfield>
         <subfield code="r">Marcelo Rede --</subfield>
         <subfield code="t">Families of Old Assyrian Traders /</subfield>
         <subfield code="r">Klaas R. Veenhof.</subfield>
         <subfield code="t">Deuxième moitié du IIe millenaire.</subfield>
         <subfield code="t">The Scribes of Amarna : A Family Affair? /</subfield>
         <subfield code="r">Jana Mynářová --</subfield>
         <subfield code="t">Family in Crisis in Late Bronze Age Syria : Protection of Family Ties in the Legal Texts from Emar /</subfield>
         <subfield code="r">Lena Fijałkowska --</subfield>
         <subfield code="t">Modèle familial et solidarités sociales à Émar /</subfield>
         <subfield code="r">Sophie Démare-Lafont --</subfield>
         <subfield code="t">La famille hittite : ce que les lois nous apprennent /</subfield>
         <subfield code="r">Isabelle Klock-Fontanille --</subfield>
      </datafield>
      <datafield tag="505" ind1="0" ind2="0">
         <subfield code="9"/>
         <subfield code="t">La naissance d'après la documentation archéologique d'Ougarit /</subfield>
         <subfield code="r">Valérie Matoïan --</subfield>
         <subfield code="t">The Families in the Middle Assyrian Administrative Texts from the "Big Silos" of Assur (Assur M 8) /</subfield>
         <subfield code="r">Jaume Llop --</subfield>
         <subfield code="t">nam-dub-sar-ra a-na mu-e-pad3-da-zu : De l'apprentissage et l'éducation des scribes médio-assyriens /</subfield>
         <subfield code="r">Klaus Wagensonner --</subfield>
         <subfield code="t">Astuwatamanzas 0 and the Family of Suhis in Karkemiš /</subfield>
         <subfield code="r">Frederico Giusfredi.</subfield>
         <subfield code="t">Des néo-assyriens aux parthes.</subfield>
         <subfield code="t">Sammu-Ramat : Regent or Queen Mother? /</subfield>
         <subfield code="r">Luis Robert Siddall --</subfield>
         <subfield code="t">Family Affairs in the Neo-Assyrian Court /</subfield>
         <subfield code="r">Frances Pinnock --</subfield>
         <subfield code="t">La notion de famille royale à l'époque néo-assyrienne /</subfield>
         <subfield code="r">Pierre Villard --</subfield>
         <subfield code="t">The Multifunctional Israelite Family /</subfield>
         <subfield code="r">Baruch A. Levine --</subfield>
         <subfield code="t">Apprenticeship in the Neo-Babylonian Period : A Study of Bargaining Power /</subfield>
         <subfield code="r">Sivan Kedar --</subfield>
         <subfield code="t">Eine ungewöhnliche Adoption und ein fataler Totschlag : Babylonische Familiengeschichten aus dem frühen 1. Jt. v. Chr. /</subfield>
         <subfield code="r">Susanne Paulus --</subfield>
      </datafield>
      <datafield tag="505" ind1="0" ind2="0">
         <subfield code="9"/>
         <subfield code="t">The Case of Fubartu : On Inheriting Family Debts in Late 6th-Century Uruk /</subfield>
         <subfield code="r">Małgorzata Sandowicz --</subfield>
         <subfield code="t">Tappaššar and Her Relations with Iddin-Nabû, the Adopted Son of Her Husband in the Light of a New Document /</subfield>
         <subfield code="r">Stefan Zawadzki --</subfield>
         <subfield code="t">Le rôle de la famille de Nusku-gabbē au sein de la communauté de Neirab /</subfield>
         <subfield code="r">Gauthier Tolini --</subfield>
         <subfield code="t">Von der gelehrten Schreibung zum anerkannten Standard /</subfield>
         <subfield code="r">Juergen Lorenz --</subfield>
         <subfield code="t">Images of Parthian Queens /</subfield>
         <subfield code="r">Joost Huijs --</subfield>
         <subfield code="t">Parenté réelle et symbolique au sein de la communauté du temple en Babylonie tardive : l'exemple de l'archive des brasseurs de Borsippa /</subfield>
         <subfield code="r">Julien Monerie.</subfield>
         <subfield code="t">Communications hors thème.</subfield>
         <subfield code="t">Une question de rythme au pays d'Apum : Les quatre agglomérations de Tell Mohammed Diyab durant la période Khabour /</subfield>
         <subfield code="r">Christophe Nicole --</subfield>
         <subfield code="t">The Wall Slabs of the Old Palace in the City of Ashur /</subfield>
         <subfield code="r">Steven Lundström --</subfield>
      </datafield>
      <datafield tag="505" ind1="0" ind2="0">
         <subfield code="9"/>
         <subfield code="t">L'évolution d'une colonie néo-assyrienne dans le bas Moyen-Euphrate syrien (9e-8e siècle av J.-C.) : recherches archéologiques et historiques récentes à Tell Masaikh /</subfield>
         <subfield code="r">Maria Grazia Masetti-Rouault --</subfield>
         <subfield code="t">"In Order to Make Him Completely Dead" : Annihilation of the Power of Images in Mesopotamia /</subfield>
         <subfield code="r">Natalie N. May --</subfield>
         <subfield code="t">Art Assyrien et Cubisme /</subfield>
         <subfield code="r">Nicolas Gillman --</subfield>
         <subfield code="t">Nonfinite Clauses in Gudea Cylinder B, Revisited /</subfield>
         <subfield code="r">Fumi Karahashi --</subfield>
         <subfield code="t">Remarques sur la Datation des Campagnes Néo-Babyloniennes en Cilicie /</subfield>
         <subfield code="r">André Lemaire --</subfield>
         <subfield code="t">On Abbreviated Personal Names in Texts from Ugarit /</subfield>
         <subfield code="r">Wilfred van Soldt --</subfield>
         <subfield code="t">La famille multicolore des bovins dans l'Uruk archaïque /</subfield>
         <subfield code="r">Rosel Pientka-Hinz.</subfield>
      </datafield>
      <datafield tag="546" ind1=" " ind2=" ">
         <subfield code="a">In English, French and German.</subfield>
      </datafield>
      <datafield tag="651" ind1=" " ind2="0">
         <subfield code="a">Middle East</subfield>
         <subfield code="x">Antiquities</subfield>
         <subfield code="v">Congresses.</subfield>
      </datafield>
      <datafield tag="651" ind1=" " ind2="0">
         <subfield code="a">Middle East</subfield>
         <subfield code="x">Civilization</subfield>
         <subfield code="y">To 622</subfield>
         <subfield code="v">Congresses.</subfield>
      </datafield>
      <datafield tag="650" ind1=" " ind2="0">
         <subfield code="a">Families</subfield>
         <subfield code="z">Middle East</subfield>
         <subfield code="x">History</subfield>
         <subfield code="y">To 1500</subfield>
         <subfield code="v">Congresses.</subfield>
      </datafield>
      <datafield tag="651" ind1=" " ind2="0">
         <subfield code="a">Middle East</subfield>
         <subfield code="x">Social life and customs</subfield>
         <subfield code="v">Congresses.</subfield>
      </datafield>
      <datafield tag="650" ind1=" " ind2="0">
         <subfield code="a">Social archaeology</subfield>
         <subfield code="z">Middle East</subfield>
         <subfield code="v">Congresses.</subfield>
      </datafield>
      <datafield tag="650" ind1=" " ind2="7">
         <subfield code="a">Antiquities.</subfield>
         <subfield code="2">fast</subfield>
         <subfield code="0">(OCoLC)fst00810745</subfield>
      </datafield>
      <datafield tag="650" ind1=" " ind2="7">
         <subfield code="a">Civilization.</subfield>
         <subfield code="2">fast</subfield>
         <subfield code="0">(OCoLC)fst00862898</subfield>
      </datafield>
      <datafield tag="650" ind1=" " ind2="7">
         <subfield code="a">Families.</subfield>
         <subfield code="2">fast</subfield>
         <subfield code="0">(OCoLC)fst01728849</subfield>
      </datafield>
      <datafield tag="650" ind1=" " ind2="7">
         <subfield code="a">Manners and customs.</subfield>
         <subfield code="2">fast</subfield>
         <subfield code="0">(OCoLC)fst01007815</subfield>
      </datafield>
      <datafield tag="650" ind1=" " ind2="7">
         <subfield code="a">Social archaeology.</subfield>
         <subfield code="2">fast</subfield>
         <subfield code="0">(OCoLC)fst01122274</subfield>
      </datafield>
      <datafield tag="651" ind1=" " ind2="7">
         <subfield code="a">Middle East.</subfield>
         <subfield code="2">fast</subfield>
         <subfield code="0">(OCoLC)fst01241586</subfield>
      </datafield>
      <datafield tag="650" ind1=" " ind2="7">
         <subfield code="a">Familie.</subfield>
         <subfield code="0">(DE-588)4016397-0</subfield>
         <subfield code="2">gnd</subfield>
      </datafield>
      <datafield tag="650" ind1=" " ind2="7">
         <subfield code="a">Sozialarchäologie.</subfield>
         <subfield code="0">(DE-588)4181905-6</subfield>
         <subfield code="2">gnd</subfield>
      </datafield>
      <datafield tag="651" ind1=" " ind2="7">
         <subfield code="a">Naher Osten.</subfield>
         <subfield code="0">(DE-588)4068878-1</subfield>
         <subfield code="2">gnd</subfield>
      </datafield>
      <datafield tag="650" ind1=" " ind2="7">
         <subfield code="a">Famille</subfield>
         <subfield code="x">Droit antique</subfield>
         <subfield code="x">Actes de congrès.</subfield>
         <subfield code="2">ram</subfield>
      </datafield>
      <datafield tag="650" ind1=" " ind2="7">
         <subfield code="a">Archéologie sociale</subfield>
         <subfield code="z">Proche-Orient</subfield>
         <subfield code="x">Actes de congrès.</subfield>
         <subfield code="2">ram</subfield>
      </datafield>
      <datafield tag="651" ind1=" " ind2="7">
         <subfield code="a">Proche-Orient</subfield>
         <subfield code="x">Famille</subfield>
         <subfield code="x">Histoire</subfield>
         <subfield code="x">Actes de congrès.</subfield>
         <subfield code="2">ram</subfield>
      </datafield>
      <datafield tag="651" ind1=" " ind2="7">
         <subfield code="a">Proche-Orient</subfield>
         <subfield code="x">Civilisation</subfield>
         <subfield code="y">Jusqu'à 622</subfield>
         <subfield code="x">Actes de congrès.</subfield>
         <subfield code="2">ram</subfield>
      </datafield>
      <datafield tag="648" ind1=" " ind2="7">
         <subfield code="a">To 1500.</subfield>
         <subfield code="2">fast</subfield>
      </datafield>
      <datafield tag="655" ind1=" " ind2="7">
         <subfield code="a">Conference papers and proceedings.</subfield>
         <subfield code="2">fast</subfield>
         <subfield code="0">(OCoLC)fst01423772</subfield>
      </datafield>
      <datafield tag="655" ind1=" " ind2="7">
         <subfield code="a">History.</subfield>
         <subfield code="2">fast</subfield>
         <subfield code="0">(OCoLC)fst01411628</subfield>
      </datafield>
      <datafield tag="700" ind1="1" ind2=" ">
         <subfield code="a">Marti, Lionel.</subfield>
      </datafield>
      <datafield tag="OWN" ind1=" " ind2=" ">
         <subfield code="a">GENERAL</subfield>
      </datafield>
      <datafield tag="AVA" ind1=" " ind2=" ">
         <subfield code="a">NYU50</subfield>
         <subfield code="b">BOBST</subfield>
         <subfield code="c">Main Collection</subfield>
         <subfield code="d">DS56 .R46 2009</subfield>
         <subfield code="e">available</subfield>
         <subfield code="t">Available</subfield>
         <subfield code="f">1</subfield>
         <subfield code="g">0</subfield>
         <subfield code="h">N</subfield>
         <subfield code="i">1</subfield>
         <subfield code="j">MAIN</subfield>
         <subfield code="k">0</subfield>
      </datafield>
      <datafield tag="AVA" ind1=" " ind2=" ">
         <subfield code="a">NYU50</subfield>
         <subfield code="b">NISAW</subfield>
         <subfield code="c">Small Collection</subfield>
         <subfield code="d">DS56 .R46 2009 Non-circulating</subfield>
         <subfield code="e">available</subfield>
         <subfield code="t">Available</subfield>
         <subfield code="f">1</subfield>
         <subfield code="g">0</subfield>
         <subfield code="h">N</subfield>
         <subfield code="i">0</subfield>
         <subfield code="j">SMALL</subfield>
         <subfield code="k">0</subfield>
      </datafield>
      <marc:datafield tag="852" ind1=" " ind2=" ">
         <marc:subfield code="b">Institute for the Study of the Ancient World, </marc:subfield>
         <marc:subfield code="c">Small Collection</marc:subfield>
         <marc:subfield code="e">15 East 84th St., </marc:subfield>
         <marc:subfield code="e">New York, NY  10028</marc:subfield>
      </marc:datafield>
   </record>