
  
  
  
  
  
  
  
  
  
  
  
 
  
  <record xsi:schemaLocation="http://www.loc.gov/MARC21/slim http://www.loc.gov/standards/marcxml/schema/MARC21slim.xsd">
      <leader>00000cam a22      a 4500</leader>
      <controlfield tag="FMT">BK</controlfield>
      <controlfield tag="LDR">00000cam a22      a 4500</controlfield>
      <controlfield tag="001">005675336</controlfield>
      <controlfield tag="005">20170731150110.0</controlfield>
      <controlfield tag="008">170725s2010    inuac    b    100 0 eng d</controlfield>
      <datafield tag="010" ind1=" " ind2=" ">
         <subfield code="a">  2012372488</subfield>
      </datafield>
      <datafield tag="020" ind1=" " ind2=" ">
         <subfield code="a">9781575061672</subfield>
         <subfield code="q">(set)</subfield>
      </datafield>
      <datafield tag="020" ind1=" " ind2=" ">
         <subfield code="a">1575061678</subfield>
         <subfield code="q">(set)</subfield>
      </datafield>
      <datafield tag="020" ind1=" " ind2=" ">
         <subfield code="a">9781575061955</subfield>
         <subfield code="q">(v. 1, pt. 1)</subfield>
      </datafield>
      <datafield tag="020" ind1=" " ind2=" ">
         <subfield code="a">1575061953</subfield>
         <subfield code="q">(v. 1, pt. 1)</subfield>
      </datafield>
      <datafield tag="020" ind1=" " ind2=" ">
         <subfield code="a">9781575061962</subfield>
         <subfield code="q">(v. 1, pt. 2)</subfield>
      </datafield>
      <datafield tag="020" ind1=" " ind2=" ">
         <subfield code="a">1575061961</subfield>
         <subfield code="q">(v. 1, pt. 2)</subfield>
      </datafield>
      <datafield tag="035" ind1=" " ind2=" ">
         <subfield code="a">(OCoLC)565478234</subfield>
      </datafield>
      <datafield tag="040" ind1=" " ind2=" ">
         <subfield code="a">YDXCP</subfield>
         <subfield code="b">eng</subfield>
         <subfield code="c">DLC</subfield>
         <subfield code="d">YDXCP</subfield>
         <subfield code="d">JHE</subfield>
         <subfield code="d">CDX</subfield>
         <subfield code="d">DTM</subfield>
         <subfield code="d">CFT</subfield>
         <subfield code="d">OCLCF</subfield>
         <subfield code="d">OCLCQ</subfield>
         <subfield code="d">S3O</subfield>
         <subfield code="d">OCLCQ</subfield>
         <subfield code="d">LOA</subfield>
         <subfield code="d">OCLCQ</subfield>
         <subfield code="d">ZYU</subfield>
      </datafield>
      <datafield tag="041" ind1="0" ind2=" ">
         <subfield code="a">eng</subfield>
         <subfield code="a">fre</subfield>
         <subfield code="a">ger</subfield>
      </datafield>
      <datafield tag="042" ind1=" " ind2=" ">
         <subfield code="a">lccopycat</subfield>
      </datafield>
      <datafield tag="043" ind1=" " ind2=" ">
         <subfield code="a">aw-----</subfield>
      </datafield>
      <datafield tag="050" ind1="0" ind2="0">
         <subfield code="a">P941</subfield>
         <subfield code="b">.R46 2007</subfield>
      </datafield>
      <datafield tag="079" ind1=" " ind2=" ">
         <subfield code="a">(OCoLC)565478234</subfield>
      </datafield>
      <datafield tag="082" ind1="0" ind2="4">
         <subfield code="a">QC415</subfield>
      </datafield>
      <datafield tag="111" ind1="2" ind2=" ">
         <subfield code="a">Rencontre assyriologique internationale</subfield>
         <subfield code="n">(53rd :</subfield>
         <subfield code="d">2007 :</subfield>
         <subfield code="c">Moscow, Russia, and Saint Petersburg, Russia)</subfield>
      </datafield>
      <datafield tag="245" ind1="1" ind2="0">
         <subfield code="a">Language in the ancient Near East :</subfield>
         <subfield code="b">proceedings of the 53e Rencontre assyriologique internationale, v. 1 /</subfield>
         <subfield code="c">edited by L. Kogan [and others].</subfield>
      </datafield>
      <datafield tag="246" ind1="3" ind2="0">
         <subfield code="a">Proceedings of the 53e Rencontre assyriologique internationale</subfield>
      </datafield>
      <datafield tag="260" ind1=" " ind2=" ">
         <subfield code="a">Winona Lake, Ind. :</subfield>
         <subfield code="b">Published for the Russian State University for the Humanities by Eisenbrauns,</subfield>
         <subfield code="c">2010.</subfield>
      </datafield>
      <datafield tag="300" ind1=" " ind2=" ">
         <subfield code="a">2 volumes :</subfield>
         <subfield code="b">illustrations, portrait ;</subfield>
         <subfield code="c">24 cm.</subfield>
      </datafield>
      <datafield tag="336" ind1=" " ind2=" ">
         <subfield code="a">text</subfield>
         <subfield code="b">txt</subfield>
         <subfield code="2">rdacontent</subfield>
      </datafield>
      <datafield tag="337" ind1=" " ind2=" ">
         <subfield code="a">unmediated</subfield>
         <subfield code="b">n</subfield>
         <subfield code="2">rdamedia</subfield>
      </datafield>
      <datafield tag="338" ind1=" " ind2=" ">
         <subfield code="a">volume</subfield>
         <subfield code="b">nc</subfield>
         <subfield code="2">rdacarrier</subfield>
      </datafield>
      <datafield tag="490" ind1="1" ind2=" ">
         <subfield code="a">Orientalia et classica ;</subfield>
         <subfield code="v">v. XXX</subfield>
      </datafield>
      <datafield tag="490" ind1="1" ind2=" ">
         <subfield code="a">Babel und Bibel ;</subfield>
         <subfield code="v">4</subfield>
      </datafield>
      <datafield tag="504" ind1=" " ind2=" ">
         <subfield code="a">Includes bibliographical references.</subfield>
      </datafield>
      <datafield tag="505" ind1="0" ind2="0">
         <subfield code="g">pt. 1.</subfield>
         <subfield code="t">Sumerian /</subfield>
         <subfield code="r">C. Wilcke --</subfield>
         <subfield code="t">Prä-Akkadische /</subfield>
         <subfield code="r">W. Sommerfeld --</subfield>
         <subfield code="t">Notes on the plural bases in Sumerian /</subfield>
         <subfield code="r">W. Mori --</subfield>
         <subfield code="t">Sumerian, a Uralic language /</subfield>
         <subfield code="r">S. Parpola --</subfield>
         <subfield code="t">Proleptic pronouns in middle Hittite /</subfield>
         <subfield code="r">A. Sideltsev --</subfield>
         <subfield code="t">Das Problem der phonetischen Interpretation der anlautenden scriptio plena in Keilschriftluwischen /</subfield>
         <subfield code="r">Zs. Simon --</subfield>
         <subfield code="t">Die Wurzelsstruktur im Semitischen /</subfield>
         <subfield code="r">E. Vernet i Pons --</subfield>
         <subfield code="t">Early lexical lists revisited /</subfield>
         <subfield code="r">K. Wagensonner --</subfield>
         <subfield code="t">Similes in the Gilgamesh epic /</subfield>
         <subfield code="r">B.R. Foster --</subfield>
         <subfield code="t">The sign of the flood and he language of signs in Baylonian omen literature /</subfield>
         <subfield code="r">A.R. George --</subfield>
         <subfield code="t">You recite the incantation "I am a pure man" /</subfield>
         <subfield code="r">C. Jean --</subfield>
         <subfield code="t">Le langage figuré dans les lettres paléo-assyriens /</subfield>
         <subfield code="r">C. Michel --</subfield>
         <subfield code="t">Structural analysis of Enmerkara and the lord of Arata /</subfield>
         <subfield code="r">C. Mittermayer --</subfield>
         <subfield code="t">Ištar, "goddess of war, pacifier of kings" /</subfield>
         <subfield code="r">I. Zsolnay --</subfield>
         <subfield code="t">Les véhicules terrestres dans les textes de Mari I /</subfield>
         <subfield code="r">I. Arkhipov --</subfield>
         <subfield code="t">Le cochon dans les listes lexicales /</subfield>
         <subfield code="r">B. Lion, C. Michel --</subfield>
         <subfield code="t">The Qersu in Neo-Assyrian cultic setting /</subfield>
         <subfield code="r">N. May --</subfield>
         <subfield code="t">Über Spiegel, Bronze ausDilmun in altsumerischer Zeit /</subfield>
         <subfield code="r">R. Oreschko --</subfield>
         <subfield code="t">Périphérique ou local? /</subfield>
         <subfield code="r">H. Reculeau.</subfield>
      </datafield>
      <datafield tag="505" ind1="0" ind2="0">
         <subfield code="g">pt. 2.</subfield>
         <subfield code="t">Sumerian compound verbs /</subfield>
         <subfield code="r">M. Civil --</subfield>
         <subfield code="t">The sSumerian verbal prefixes imm-ma and im-mi /</subfield>
         <subfield code="r">P. Delnero --</subfield>
         <subfield code="t">Argument structure of Sumerian verbs II /</subfield>
         <subfield code="r">F. Karahashi --</subfield>
         <subfield code="t">The case of Sumerian cases /</subfield>
         <subfield code="r">G. Zólyomi --</subfield>
         <subfield code="t">Amorite names ... /</subfield>
         <subfield code="r">V. Golinets --</subfield>
         <subfield code="t">The recycling of the T -- infix in pre-historuic Akkadian /</subfield>
         <subfield code="r">N.J.C. Kouwenberg --</subfield>
         <subfield code="t">Innovations in the Neo-Babylonian lexicon /</subfield>
         <subfield code="r">M.P. Streck --</subfield>
         <subfield code="t">i-ba-aš-šu-u vs. i-ba-aš-šu from old to Neo-Babylonian /</subfield>
         <subfield code="r">M. Worthington --</subfield>
         <subfield code="t">Conditional structures in the old Babylonian omens /</subfield>
         <subfield code="r">E. Cohen --</subfield>
         <subfield code="t">Oblique core arguments in Akkadian /</subfield>
         <subfield code="r">C.W. Hess --</subfield>
         <subfield code="t">Morphosyntactic structure of the premises in the Neo-Babylonian laws /</subfield>
         <subfield code="r">G.H. Kaplan --</subfield>
         <subfield code="t">Akkadian sentences about the present time /</subfield>
         <subfield code="r">S. Loesov --</subfield>
         <subfield code="t">The enclytic particle -mi ... /</subfield>
         <subfield code="r">N. Wasserman --</subfield>
         <subfield code="t">Akkadian written by Egyptian scribes ... /</subfield>
         <subfield code="r">Z. Cchavi-Rainey --</subfield>
         <subfield code="t">The "second glosses" in the lexical lists from Emar /</subfield>
         <subfield code="r">Y. Cohen --</subfield>
         <subfield code="t">Was Akkadian spoken in Emar? /</subfield>
         <subfield code="r">J. Ikeda --</subfield>
         <subfield code="t">The hybrid language written by Canaanite scribes ... /</subfield>
         <subfield code="r">A.F. Rainey --</subfield>
         <subfield code="t">Peripheral Akkadian dialects, or, Akkadography of local languages? /</subfield>
         <subfield code="r">E. von Dassow --</subfield>
         <subfield code="t">Zu den sogenannten Wurzelerweiterungen des Hurritischen /</subfield>
         <subfield code="r">M. Giogieri --</subfield>
         <subfield code="t">The alignement of Hattian /</subfield>
         <subfield code="r">P.M. Goedgebuure --</subfield>
         <subfield code="t">New observations on Urartian vocabulary /</subfield>
         <subfield code="r">N.V. Haroutyounyan --</subfield>
         <subfield code="t">Hurritisch und syntaktische Ergativität /</subfield>
         <subfield code="r">J. Hazenbos.</subfield>
      </datafield>
      <datafield tag="505" ind1="0" ind2="0">
         <subfield code="t">On the genesis of the category of aspect/tense in Hurro-Urartian, Sumerian and Elamite /</subfield>
         <subfield code="r">M. Khachikyan --</subfield>
         <subfield code="t">Les deux stèles de Rusa III ... /</subfield>
         <subfield code="r">M. Salvini --</subfield>
         <subfield code="t">Zum Namen der Göttin Kataḫsipuri ... /</subfield>
         <subfield code="r">O. Soysal --</subfield>
         <subfield code="t">On the sounds rendered by the s-, š- and ṣ/z- series in Elamite /</subfield>
         <subfield code="r">J. Tavernier --</subfield>
         <subfield code="t">Purḫu : assembly as a political institution in Enūma eliš /</subfield>
         <subfield code="r">V. Bartash --</subfield>
         <subfield code="t">On the early history of melammu /</subfield>
         <subfield code="r">V.V. Emelianov --</subfield>
         <subfield code="t">The assumed human origin of divine Dumuzi /</subfield>
         <subfield code="r">J. Klein --</subfield>
         <subfield code="t">Foreign languages and hegemony /</subfield>
         <subfield code="r">M.B. Dick --</subfield>
         <subfield code="t">Cognate patterns in ancient Hebrew poetry /</subfield>
         <subfield code="r">B.A. Levine --</subfield>
         <subfield code="t">Where angels fearlessly tread : Mari insights on Genesis 19 /</subfield>
         <subfield code="r">J.M. Sasson --</subfield>
         <subfield code="t">The Old Babylonian Text Corpus Project /</subfield>
         <subfield code="r">L. Pecha, F. Rahman --</subfield>
         <subfield code="t">The project "Duplicazione e Rinascita" : cataloguing of objects and texts in cuneiform preserved in the Iraq Museum, Baghdad /</subfield>
         <subfield code="r">S. Tikka, S. Viaggio.</subfield>
      </datafield>
      <datafield tag="546" ind1=" " ind2=" ">
         <subfield code="a">English, French, and German.</subfield>
      </datafield>
      <datafield tag="651" ind1=" " ind2="0">
         <subfield code="a">Middle East</subfield>
         <subfield code="x">Languages</subfield>
         <subfield code="v">Congresses.</subfield>
      </datafield>
      <datafield tag="650" ind1=" " ind2="0">
         <subfield code="a">Inscriptions</subfield>
         <subfield code="z">Middle East</subfield>
         <subfield code="v">Congresses.</subfield>
      </datafield>
      <datafield tag="651" ind1=" " ind2="0">
         <subfield code="a">Middle East</subfield>
         <subfield code="x">Civilization</subfield>
         <subfield code="v">Congresses.</subfield>
      </datafield>
      <datafield tag="650" ind1=" " ind2="0">
         <subfield code="a">Civilization, Assyro-Babylonian</subfield>
         <subfield code="v">Congresses.</subfield>
      </datafield>
      <datafield tag="650" ind1=" " ind2="7">
         <subfield code="a">Inscriptions.</subfield>
         <subfield code="2">fast</subfield>
         <subfield code="0">(OCoLC)fst00973837</subfield>
      </datafield>
      <datafield tag="650" ind1=" " ind2="7">
         <subfield code="a">Language and languages.</subfield>
         <subfield code="2">fast</subfield>
         <subfield code="0">(OCoLC)fst00992154</subfield>
      </datafield>
      <datafield tag="651" ind1=" " ind2="7">
         <subfield code="a">Middle East.</subfield>
         <subfield code="2">fast</subfield>
         <subfield code="0">(OCoLC)fst01241586</subfield>
      </datafield>
      <datafield tag="700" ind1="1" ind2=" ">
         <subfield code="a">Kogan, Leonid Efimovich.</subfield>
      </datafield>
      <datafield tag="710" ind1="2" ind2=" ">
         <subfield code="a">Rossiĭskiĭ gosudarstvennyĭ gumanitarnyĭ universitet.</subfield>
      </datafield>
      <datafield tag="830" ind1=" " ind2="0">
         <subfield code="a">Orientalia et classica ;</subfield>
         <subfield code="v">issue 30.</subfield>
      </datafield>
      <datafield tag="830" ind1=" " ind2="0">
         <subfield code="a">Babel und Bibel ;</subfield>
         <subfield code="v">4.</subfield>
      </datafield>
      <datafield tag="OWN" ind1=" " ind2=" ">
         <subfield code="a">GENERAL</subfield>
      </datafield>
      <datafield tag="AVA" ind1=" " ind2=" ">
         <subfield code="a">NYU50</subfield>
         <subfield code="b">NISAW</subfield>
         <subfield code="c">Small Collection</subfield>
         <subfield code="d">DS56 .R46 2007 Non-circulating</subfield>
         <subfield code="e">available</subfield>
         <subfield code="t">Available</subfield>
         <subfield code="f">2</subfield>
         <subfield code="g">0</subfield>
         <subfield code="h">Y</subfield>
         <subfield code="i">0</subfield>
         <subfield code="j">SMALL</subfield>
         <subfield code="k">0</subfield>
      </datafield>
      <marc:datafield tag="852" ind1=" " ind2=" ">
         <marc:subfield code="b">Institute for the Study of the Ancient World, </marc:subfield>
         <marc:subfield code="c">Small Collection</marc:subfield>
         <marc:subfield code="e">15 East 84th St., </marc:subfield>
         <marc:subfield code="e">New York, NY  10028</marc:subfield>
      </marc:datafield>
   </record>