
  
  
  
  
  
  
  
  
  
  
  
  
 
  
  <record xsi:schemaLocation="http://www.loc.gov/MARC21/slim http://www.loc.gov/standards/marcxml/schema/MARC21slim.xsd">
      <leader>00000cam a22     Ii 4500</leader>
      <controlfield tag="FMT">BK</controlfield>
      <controlfield tag="LDR">00000cam a22     Ii 4500</controlfield>
      <controlfield tag="001">005678200</controlfield>
      <controlfield tag="005">20170731144823.0</controlfield>
      <controlfield tag="008">170726s2016    sw abeh  b    100 0 eng d</controlfield>
      <datafield tag="020" ind1=" " ind2=" ">
         <subfield code="a">9789170812170</subfield>
         <subfield code="q">(hardback)</subfield>
      </datafield>
      <datafield tag="020" ind1=" " ind2=" ">
         <subfield code="a">9170812179</subfield>
         <subfield code="q">(hardback)</subfield>
      </datafield>
      <datafield tag="035" ind1=" " ind2=" ">
         <subfield code="a">(OCoLC)966524679</subfield>
         <subfield code="z">(OCoLC)966772780</subfield>
      </datafield>
      <datafield tag="040" ind1=" " ind2=" ">
         <subfield code="a">OHX</subfield>
         <subfield code="b">eng</subfield>
         <subfield code="e">rda</subfield>
         <subfield code="c">OHX</subfield>
         <subfield code="d">OCLCO</subfield>
         <subfield code="d">ERASA</subfield>
         <subfield code="d">CGU</subfield>
         <subfield code="d">IPS</subfield>
         <subfield code="d">OCLCF</subfield>
         <subfield code="d">XII</subfield>
         <subfield code="d">OCL</subfield>
         <subfield code="d">CUY</subfield>
         <subfield code="d">CHVBK</subfield>
         <subfield code="d">OSU</subfield>
         <subfield code="d">YDX</subfield>
         <subfield code="d">ZYU</subfield>
      </datafield>
      <datafield tag="043" ind1=" " ind2=" ">
         <subfield code="a">a-cy---</subfield>
      </datafield>
      <datafield tag="050" ind1=" " ind2="4">
         <subfield code="a">DS54.3</subfield>
         <subfield code="b">.A534 2016</subfield>
      </datafield>
      <datafield tag="072" ind1=" " ind2="7">
         <subfield code="a">DS</subfield>
         <subfield code="2">lcco</subfield>
      </datafield>
      <datafield tag="079" ind1=" " ind2=" ">
         <subfield code="a">(OCoLC)966524679</subfield>
      </datafield>
      <datafield tag="082" ind1="0" ind2="4">
         <subfield code="a">938</subfield>
      </datafield>
      <datafield tag="245" ind1="0" ind2="0">
         <subfield code="a">Ancient Cyprus today :</subfield>
         <subfield code="b">museum collections and new research /</subfield>
         <subfield code="c">edited by Giorgos Bourogiannis and Christian Mühlenbock.</subfield>
      </datafield>
      <datafield tag="264" ind1=" " ind2="1">
         <subfield code="a">Uppsala, Sweden :</subfield>
         <subfield code="b">Åströms förlag,</subfield>
         <subfield code="c">2016.</subfield>
      </datafield>
      <datafield tag="300" ind1=" " ind2=" ">
         <subfield code="a">xv, 350 pages :</subfield>
         <subfield code="b">illustrations, facsimiles, maps, plans ;</subfield>
         <subfield code="c">26 cm.</subfield>
      </datafield>
      <datafield tag="336" ind1=" " ind2=" ">
         <subfield code="a">text</subfield>
         <subfield code="b">txt</subfield>
         <subfield code="2">rdacontent</subfield>
      </datafield>
      <datafield tag="336" ind1=" " ind2=" ">
         <subfield code="a">still image</subfield>
         <subfield code="b">sti</subfield>
         <subfield code="2">rdacontent</subfield>
      </datafield>
      <datafield tag="337" ind1=" " ind2=" ">
         <subfield code="a">unmediated</subfield>
         <subfield code="b">n</subfield>
         <subfield code="2">rdamedia</subfield>
      </datafield>
      <datafield tag="338" ind1=" " ind2=" ">
         <subfield code="a">volume</subfield>
         <subfield code="b">nc</subfield>
         <subfield code="2">rdacarrier</subfield>
      </datafield>
      <datafield tag="490" ind1="1" ind2=" ">
         <subfield code="a">Studies in Mediterranean archaeology and literature. PB,</subfield>
         <subfield code="x">0283-8494 ;</subfield>
         <subfield code="v">184</subfield>
      </datafield>
      <datafield tag="500" ind1=" " ind2=" ">
         <subfield code="a">This volume is based on papers presented at a conference entitled: Ancient Cyprus Today: Museum Collections and New Research Approaches to the Archaeology of Cyprus, which was held at the Medelhavsmuseet in Stockholm, Sweden, April 25-27, 2015.--Page viii.</subfield>
      </datafield>
      <datafield tag="504" ind1=" " ind2=" ">
         <subfield code="a">Includes bibliographical references.</subfield>
      </datafield>
      <datafield tag="505" ind1="0" ind2="0">
         <subfield code="g">Project stories and museum histories:</subfield>
         <subfield code="t">Contextualising collections in the Cyprus Museum and other public museums: recent projects /</subfield>
         <subfield code="r">Despina Pilides --</subfield>
         <subfield code="t">Re-examining the history of Cypriot antiquities in the Fitzwilliam Museum: a look at the collection's past and future /</subfield>
         <subfield code="r">Anastasia Christophilopoulou --</subfield>
         <subfield code="t">Histories of pots and people: re-discovering the archaeology of Cypro-geometric Lapithos /</subfield>
         <subfield code="r">Stella Diakou --</subfield>
         <subfield code="t">The Cypriot fragment at the Metropolitan Museum of Art in the late 19th century /</subfield>
         <subfield code="r">Catherine Olien --</subfield>
         <subfield code="t">CARMA (Cyprus ARchaeological MAterials): a modular prototype system for archaeological information management /</subfield>
         <subfield code="r">Charlambos Paraskeva --</subfield>
         <subfield code="g">Ancient places: new perspectives:</subfield>
         <subfield code="t">Lapithos revisited: a fresh look at a key Middle Bronze Age site in Cyprus /</subfield>
         <subfield code="r">Jennifer M. Webb --</subfield>
         <subfield code="t">The Late Bronze Age harbour city of Hala Sultan Tekke : results from the new Swedish Cyprus Expedition 2010-2015 /</subfield>
         <subfield code="r">Peter M. Fischer --</subfield>
         <subfield code="t">Metallurgy and metalwork at Enkomi : revisiting Porphyrios Dikaios' excavations /</subfield>
         <subfield code="r">Vasiliki Kassianidou --</subfield>
         <subfield code="t">The Ayia Irini project at the Medelhavsmuseet, Stockholm: towards a reconsideration of the ceramics /</subfield>
         <subfield code="r">Giorgos Bourogiannis --</subfield>
         <subfield code="t">Excavations at Ayia Irini in the winter of 1929: tricky Phoenicians and Biblical floods /</subfield>
         <subfield code="r">Sanne Houby-Nielsen --</subfield>
         <subfield code="t">Mapping ancient Amathus /</subfield>
         <subfield code="r">Anna Cannavo --</subfield>
         <subfield code="t">The Iron Age city of Kition: the state of research 85 years after the Swedish Cyprus Expedition's excavations /</subfield>
         <subfield code="r">Sabine Fourrier --</subfield>
         <subfield code="t">Recent research at the Hellenistic and Roman theatre precinct of Nea Paphos /</subfield>
         <subfield code="r">Craig Barker --</subfield>
         <subfield code="t">Reconstructing social behaviour and interaction in the House of Dionysos in Paphos : a reconsideration of previous research /</subfield>
         <subfield code="r">Alexia Miltiadous Johansson --</subfield>
         <subfield code="g">Ancient objects: new perspectives:</subfield>
         <subfield code="t">Silent artefacts revealing their story: the analytical paradigm of Bronze Age cooking pots from Cyprus /</subfield>
         <subfield code="r">Maria Dikomitou-Eliadou and Athanasios K. Vionis --</subfield>
      </datafield>
      <datafield tag="505" ind1="0" ind2="0">
         <subfield code="t">Patterns of interaction on the south coast of Cyprus: Early Bronze Age I-II pottery assemblages /</subfield>
         <subfield code="r">Silvana Di Paolo --</subfield>
         <subfield code="t">Two 'rediscovered' textile fragments from Palaeoskoutella, Karpas peninsula /</subfield>
         <subfield code="r">Hedvig Landenius Enegren and Ina Vanden Berghe --</subfield>
         <subfield code="t">Local and regional patterns of textile production in Late Bronze Age Cyprus /</subfield>
         <subfield code="r">Caroline Sauvage and Joanna S. Smith --</subfield>
         <subfield code="t">Making sense of ancient scents: documenting the use of perfumed substances in ancient Cyprus /</subfield>
         <subfield code="r">Zuzana Chovanec --</subfield>
         <subfield code="t">The reuse of a well as a deposit for seven individuals at Hala Sultan Tekke /</subfield>
         <subfield code="r">Bettina Stolle --</subfield>
         <subfield code="t">Recently discovered cylinder seals from Hala Sultan Tekke /</subfield>
         <subfield code="r">Teresa Bürge --</subfield>
         <subfield code="t">A study of fishing methods used at Hala Sultan Tekke during the Late Bronze Age /</subfield>
         <subfield code="r">Adam Lindqvist --</subfield>
         <subfield code="t">Maritime transport containers and Bronze Age Cyprus /</subfield>
         <subfield code="r">A. Bernard Knapp --</subfield>
         <subfield code="t">Playing spaces: the sociality of games in Bronze Age Cyprus /</subfield>
         <subfield code="r">Walter Crist --</subfield>
         <subfield code="t">Phoenician bronzes from Cyprus reconsidered: intercultural exchange in ancient Cyprus from a pan-Mediterranean perspective /</subfield>
         <subfield code="r">Christian Vonhoff --</subfield>
         <subfield code="t">Oriental luxuries and elite women in Archaic Cyprus /</subfield>
         <subfield code="r">George Papasavvas --</subfield>
         <subfield code="t">ICP-analysis of 66 terracotta statues, statuettes and pottery sherds from Ayia Irini, Cyprus /</subfield>
         <subfield code="r">Christian Mühlenbock and Torbjörn Brorsson --</subfield>
         <subfield code="t">Reconsidering the necropoleis of Ayia Irini: a glimpse of the Iron Age evidence /</subfield>
         <subfield code="r">Adriano Orsingher --</subfield>
         <subfield code="t">The political situation in the Near East during the Cypro-Archaic period and its impact on Cyprus /</subfield>
         <subfield code="r">Christina Ioannou --</subfield>
         <subfield code="t">Incorporating numismatics into historical studies: the case of Cyprus /</subfield>
         <subfield code="r">Evangeline Markou --</subfield>
         <subfield code="t">Rethinking the portrait-like sculpture of Hellenistic Cyprus /</subfield>
         <subfield code="r">Giorgos Papantoniou.</subfield>
      </datafield>
      <datafield tag="520" ind1="8" ind2=" ">
         <subfield code="a">Medelhavsmuseet in Stockholm hosts the largest and most well documented collection of Cypriot antiquities in the world outside Cyprus. The museum's goal is to continuously stay in-tune with the latest research centered on its collection. The suggested conference, mostly focused on the Cypriote Bronze and Iron-Age, is part of this long-term strategy to systemize an exchange of knowledge between the museum and external Swedish and international partners. Another important component in the long term strategy is to particularly focus on young and promising Swedish and international scholars so that the research on the Cypriote collections at Medelhavsmuseet remains vital and dynamic also in the future.</subfield>
      </datafield>
      <datafield tag="611" ind1="2" ind2="0">
         <subfield code="a">Svenska Cypernexpeditionen</subfield>
         <subfield code="d">(1927-1931)</subfield>
      </datafield>
      <datafield tag="611" ind1="2" ind2="7">
         <subfield code="a">Svenska Cypernexpeditionen.</subfield>
         <subfield code="2">fast</subfield>
         <subfield code="0">(OCoLC)fst01410061</subfield>
      </datafield>
      <datafield tag="651" ind1=" " ind2="0">
         <subfield code="a">Cyprus</subfield>
         <subfield code="x">Antiquities</subfield>
         <subfield code="v">Congresses.</subfield>
      </datafield>
      <datafield tag="650" ind1=" " ind2="0">
         <subfield code="a">Excavations (Archaeology)</subfield>
         <subfield code="z">Cyprus</subfield>
         <subfield code="v">Congresses.</subfield>
      </datafield>
      <datafield tag="650" ind1=" " ind2="0">
         <subfield code="a">Bronze age</subfield>
         <subfield code="z">Cyprus</subfield>
         <subfield code="v">Congresses.</subfield>
      </datafield>
      <datafield tag="650" ind1=" " ind2="0">
         <subfield code="a">Iron age</subfield>
         <subfield code="z">Cyprus</subfield>
         <subfield code="v">Congresses.</subfield>
      </datafield>
      <datafield tag="650" ind1=" " ind2="0">
         <subfield code="a">Excavations (Archaeology)</subfield>
         <subfield code="z">Cyprus</subfield>
         <subfield code="z">Ayia Irini.</subfield>
      </datafield>
      <datafield tag="650" ind1=" " ind2="0">
         <subfield code="a">Excavations (Archaeology)</subfield>
         <subfield code="z">Cyprus</subfield>
         <subfield code="z">Lapēthos.</subfield>
      </datafield>
      <datafield tag="651" ind1=" " ind2="7">
         <subfield code="a">Cyprus (island)</subfield>
         <subfield code="2">pleiades</subfield>
         <subfield code="0">https://pleiades.stoa.org/places/707498</subfield>
         <subfield code="5">NyNyUAW</subfield>
      </datafield>
      <datafield tag="650" ind1=" " ind2="7">
         <subfield code="a">Antiquities.</subfield>
         <subfield code="2">fast</subfield>
         <subfield code="0">(OCoLC)fst00810745</subfield>
      </datafield>
      <datafield tag="650" ind1=" " ind2="7">
         <subfield code="a">Bronze age.</subfield>
         <subfield code="2">fast</subfield>
         <subfield code="0">(OCoLC)fst00839439</subfield>
      </datafield>
      <datafield tag="650" ind1=" " ind2="7">
         <subfield code="a">Excavations (Archaeology)</subfield>
         <subfield code="2">fast</subfield>
         <subfield code="0">(OCoLC)fst00917564</subfield>
      </datafield>
      <datafield tag="650" ind1=" " ind2="7">
         <subfield code="a">Iron age.</subfield>
         <subfield code="2">fast</subfield>
         <subfield code="0">(OCoLC)fst00979145</subfield>
      </datafield>
      <datafield tag="651" ind1=" " ind2="7">
         <subfield code="a">Cyprus.</subfield>
         <subfield code="2">fast</subfield>
         <subfield code="0">(OCoLC)fst01205213</subfield>
      </datafield>
      <datafield tag="651" ind1=" " ind2="7">
         <subfield code="a">Cyprus</subfield>
         <subfield code="z">Ayia Irini.</subfield>
         <subfield code="2">fast</subfield>
         <subfield code="0">(OCoLC)fst01205821</subfield>
      </datafield>
      <datafield tag="651" ind1=" " ind2="7">
         <subfield code="a">Cyprus</subfield>
         <subfield code="z">Lapēthos.</subfield>
         <subfield code="2">fast</subfield>
         <subfield code="0">(OCoLC)fst01235342</subfield>
      </datafield>
      <datafield tag="650" ind1=" " ind2="7">
         <subfield code="a">Ausstellung.</subfield>
         <subfield code="0">(DE-588)4129601-1</subfield>
         <subfield code="2">gnd</subfield>
      </datafield>
      <datafield tag="650" ind1=" " ind2="7">
         <subfield code="a">Funde.</subfield>
         <subfield code="0">(DE-588)4071507-3</subfield>
         <subfield code="2">gnd</subfield>
      </datafield>
      <datafield tag="650" ind1=" " ind2="7">
         <subfield code="a">Museum.</subfield>
         <subfield code="0">(DE-588)4040795-0</subfield>
         <subfield code="2">gnd</subfield>
      </datafield>
      <datafield tag="651" ind1=" " ind2="7">
         <subfield code="a">Zypern.</subfield>
         <subfield code="0">(DE-588)4079596-2</subfield>
         <subfield code="2">gnd</subfield>
      </datafield>
      <datafield tag="655" ind1=" " ind2="7">
         <subfield code="a">Conference papers and proceedings.</subfield>
         <subfield code="2">fast</subfield>
         <subfield code="0">(OCoLC)fst01423772</subfield>
      </datafield>
      <datafield tag="700" ind1="1" ind2=" ">
         <subfield code="a">Bourogiannis, Giorgos,</subfield>
         <subfield code="e">editor.</subfield>
      </datafield>
      <datafield tag="700" ind1="1" ind2=" ">
         <subfield code="a">Mühlenbock, Christian,</subfield>
         <subfield code="e">editor.</subfield>
      </datafield>
      <datafield tag="710" ind1="2" ind2=" ">
         <subfield code="a">Medelhavsmuseet (Stockholm, Sweden),</subfield>
         <subfield code="e">host institution.</subfield>
      </datafield>
      <datafield tag="711" ind1="2" ind2=" ">
         <subfield code="a">Ancient Cyprus Today: Museum Collections and New Research Approaches to the Archaeology of Cyprus (Conference)</subfield>
         <subfield code="d">(2015 :</subfield>
         <subfield code="c">Stockholm, Sweden)</subfield>
      </datafield>
      <datafield tag="830" ind1=" " ind2="0">
         <subfield code="a">Studies in Mediterranean archaeology and literature.</subfield>
         <subfield code="p">Pocket-book ;</subfield>
         <subfield code="v">184.</subfield>
      </datafield>
      <datafield tag="OWN" ind1=" " ind2=" ">
         <subfield code="a">GENERAL</subfield>
      </datafield>
      <datafield tag="AVA" ind1=" " ind2=" ">
         <subfield code="a">NYU50</subfield>
         <subfield code="b">NISAW</subfield>
         <subfield code="c">Small Collection</subfield>
         <subfield code="d">DS54.3 .A534 2016 Non-circulating</subfield>
         <subfield code="e">available</subfield>
         <subfield code="t">Available</subfield>
         <subfield code="f">1</subfield>
         <subfield code="g">0</subfield>
         <subfield code="h">N</subfield>
         <subfield code="i">0</subfield>
         <subfield code="j">SMALL</subfield>
         <subfield code="k">0</subfield>
      </datafield>
      <marc:datafield tag="852" ind1=" " ind2=" ">
         <marc:subfield code="b">Institute for the Study of the Ancient World, </marc:subfield>
         <marc:subfield code="c">Small Collection</marc:subfield>
         <marc:subfield code="e">15 East 84th St., </marc:subfield>
         <marc:subfield code="e">New York, NY  10028</marc:subfield>
      </marc:datafield>
   </record>